	lat	long	sqft_living15	sqft_lot15	bedrooms	bathrooms	sqft_living	sqft_lot	floors	waterfront	view	condition	grade	sqft_above	sqft_basement	yr_built	yr_renovated	zipcode	price	__domino_timestamp	event_id	timestamp	instance_id	log
0	5.1267	4.6818	4.7782	8.5801	9.0252	3.2676	1.3074	10.1922	1.9527	8.7471	2.3348	10.6816	4.2771	3.9587	8.6777	8.8886	9.4945	10.7881	217000.0	2021-11-02T23:42:12.110781+00:00	77cb90af-ca67-4475-9562-057b5132248d	2021-11-02 23:42:12.110781+00:00	6169c82f761da24792b92751	
1	8.6489	4.5412	7.2491	7.9346	4.4737	9.865	6.4419	6.9743	8.9924	2.5906000000000002	6.4643	6.4893	5.4861	7.9652	10.4216	2.2787	6.8778	6.2954	570000.0	2021-11-02T23:42:12.130356+00:00	99f5ebc6-990f-4488-aa66-097ced2ed3a3	2021-11-02 23:42:12.130356+00:00	6169c82f761da24792b92751	
2	4.8997	5.834	2.5448	2.2834	7.6988	1.6378	3.5127	3.2418	8.5578	7.7997	7.078	1.2543	7.8209	4.2476	9.3288	6.4198	4.8676	10.3764	570000.0	2021-11-02T23:42:12.149564+00:00	c23d6cb7-880a-4768-b1c9-825f127994b4	2021-11-02 23:42:12.149564+00:00	6169c82f761da24792b92751	
3	8.9661	8.8853	2.9487	10.8677	2.0018	9.9762	10.0065	1.7246000000000001	4.0931	3.6477	8.5528	5.9625	9.2522	3.52	9.9204	7.5043	9.4725	6.2977	770000.0	2021-11-02T23:42:12.170946+00:00	eb132847-bcc8-4da9-9f6f-21d174757c52	2021-11-02 23:42:12.170946+00:00	6169c82f761da24792b92751	
4	2.0528	4.6756	4.4126	3.1998	3.3029	10.287	2.9649	7.3153	4.9672	2.2341	5.0827	6.1718	5.8186	10.3828	10.0538	3.5365	3.7613000000000003	1.4739	570000.0	2021-11-02T23:42:12.193671+00:00	c3853789-8bd5-49d9-98e9-c16dd06b2097	2021-11-02 23:42:12.193671+00:00	6169c82f761da24792b92751	
5	8.7555	3.6915	9.4561	4.02	6.5458	4.6425	9.078	9.4289	1.1618	7.0917	5.6809	4.1349	1.99	4.9492	6.4943	9.2464	2.15	8.705	570000.0	2021-11-02T23:42:12.214647+00:00	5951e128-6f29-4343-907c-73d56eef0bfc	2021-11-02 23:42:12.214647+00:00	6169c82f761da24792b92751	
6	10.8355	6.6379	3.3905	8.4424	3.6634	7.0783	3.3757	2.7984	9.6942	3.9014	2.6284	10.8444	10.944700000000001	7.1331	7.9865	4.0614	2.1195	2.2816	770000.0	2021-11-02T23:42:12.233380+00:00	459b28fa-c11b-4d45-861a-7553617a6367	2021-11-02 23:42:12.233380+00:00	6169c82f761da24792b92751	
7	10.7912	6.3221	8.4874	9.7792	6.154	1.8904	6.796	1.8477000000000001	9.7953	10.5286	6.254	5.644	5.1864	5.2574	6.8291	10.0949	1.2604	9.9399	570000.0	2021-11-02T23:42:12.251904+00:00	56cbbb61-be62-40fd-a98d-7ce43692caef	2021-11-02 23:42:12.251904+00:00	6169c82f761da24792b92751	
8	1.7256	10.7933	4.7511	1.587	7.4104	6.0221	8.6436	10.5354	4.6999	1.4036	4.1802	3.3383	3.8939	10.4993	1.4311	8.5614	4.8985	5.0069	570000.0	2021-11-02T23:42:12.273045+00:00	189b9ff5-08a8-4a14-a798-ec7c5916e1a7	2021-11-02 23:42:12.273045+00:00	6169c82f761da24792b92751	
9	9.6587	2.1662	5.1069	6.4806	6.7671	6.6575	2.9583	3.7004	9.7664	7.5557	6.4737	6.8438	1.118	5.1508	10.2488	1.4691	6.543	1.888	570000.0	2021-11-02T23:42:12.295024+00:00	fac2d4e0-ab6e-4071-987d-5f047b31da20	2021-11-02 23:42:12.295024+00:00	6169c82f761da24792b92751	
10	2.8261000000000003	6.0528	4.5168	1.5676	8.7761	7.2156	6.3883	9.6066	8.1197	9.2929	10.7502	7.6859	5.7982	8.6181	8.4391	7.0933	10.0762	1.4895	570000.0	2021-11-02T23:42:12.316459+00:00	e3748e78-d657-4c39-b1b6-a8ecc75018d4	2021-11-02 23:42:12.316459+00:00	6169c82f761da24792b92751	
11	2.8584	3.1666	1.6966	3.7681	3.3655	8.682	3.1707	3.1012	6.2808	6.1197	1.0825	4.1787	2.887	8.6511	5.223	4.1796	8.1499	5.8237	217000.0	2021-11-02T23:42:12.338778+00:00	d1df319a-874a-475c-8222-c324fce5a00b	2021-11-02 23:42:12.338778+00:00	6169c82f761da24792b92751	
12	1.1808	5.054	9.0168	5.3317	7.7095	4.182	1.374	5.1934000000000005	9.3528	3.1428	2.6854	8.4877	2.469	5.0421	4.6046	8.2632	4.7434	1.5311	570000.0	2021-11-02T23:42:12.359985+00:00	c3d07240-18b8-4bae-80b0-5f0ab1cedf16	2021-11-02 23:42:12.359985+00:00	6169c82f761da24792b92751	
13																								"http://nucleus-frontend.domino-platform:80 ""POST /v4/modelManager/recordInvocation HTTP/1.1"" 200 4"
14	9.0496	2.1832	8.7286	8.8222	9.5369	5.1569	4.0626	1.5323	6.6389	10.8593	1.8183	6.5562000000000005	10.3886	3.9839	5.0313	7.0429	4.0507	6.3334	770000.0	2021-11-02T23:42:12.380929+00:00	b4ab8145-23f1-4308-aa25-22c236dd897c	2021-11-02 23:42:12.380929+00:00	6169c82f761da24792b92751	
15	1.6959	9.3411	8.1854	6.7457	5.8442	4.2214	9.1624	8.9152	10.2628	8.923	8.2979	6.6355	7.5498	6.6893	7.3424	9.5346	5.7616	8.4122	570000.0	2021-11-02T23:42:12.401345+00:00	b4a2023e-b89c-40d7-a4d6-1bceddab9bda	2021-11-02 23:42:12.401345+00:00	6169c82f761da24792b92751	
16	5.445	3.3362	7.7339	8.1961	2.8856	4.8517	1.9969999999999999	10.3726	1.069	6.5226	5.2245	6.3063	5.3443	5.538	5.5475	7.8963	7.1645	10.0275	570000.0	2021-11-02T23:42:12.421349+00:00	2c108250-c555-4f88-bbfb-6bce47592f04	2021-11-02 23:42:12.421349+00:00	6169c82f761da24792b92751	
17	8.7975	5.8065	2.6067	8.7564	7.8129	10.3815	1.4251	6.3523	3.8548999999999998	8.4302	8.3444	6.6362	4.9776	4.961	7.8368	3.4826	4.631	3.2041	570000.0	2021-11-02T23:42:12.442189+00:00	b455bf85-c20a-4e8a-a33b-55389282ec96	2021-11-02 23:42:12.442189+00:00	6169c82f761da24792b92751	
18	8.6657	7.8342	3.5684	10.1926	2.6342	1.9232	3.5175	4.8034	1.8886	1.7114	2.0674	1.8538999999999999	6.6942	2.1846	9.2952	1.6389	4.6672	7.6626	217000.0	2021-11-02T23:42:12.462828+00:00	6d679d31-a337-40c3-a89b-df31675c3d4c	2021-11-02 23:42:12.462828+00:00	6169c82f761da24792b92751	
19	6.6417	10.543	3.1563	3.6233	2.8369	6.9495000000000005	2.5633	10.5991	3.3426	5.169	2.2271	10.0906	6.7492	4.0975	3.9493	6.8707	3.9228	9.3603	217000.0	2021-11-02T23:42:12.481015+00:00	17bc4c3a-402c-470f-90ed-0a41e986e7be	2021-11-02 23:42:12.481015+00:00	6169c82f761da24792b92751	
20	6.8496	10.3953	4.1332	7.9291	4.4655000000000005	9.6645	1.4432	5.8609	5.1126	6.3989	3.4775	8.6577	8.7764	9.4718	7.5171	2.9206000000000003	10.8565	10.1721	770000.0	2021-11-02T23:42:12.501581+00:00	38c33e8b-eca1-4bb4-9046-47a32efc09f8	2021-11-02 23:42:12.501581+00:00	6169c82f761da24792b92751	
21	2.6836	5.8554	4.2012	9.995	6.8092	10.1431	10.7979	6.5513	4.2122	2.9535	10.4592	8.8969	8.26	2.7304	7.1968	8.844899999999999	6.1713000000000005	1.8094000000000001	570000.0	2021-11-02T23:42:12.521696+00:00	7ccfbe40-ceca-48b8-b2e8-d9be86cdffeb	2021-11-02 23:42:12.521696+00:00	6169c82f761da24792b92751	
22	10.5677	3.0279	1.9418000000000002	1.8857	1.3069	7.764	9.2676	3.7227	5.1144	6.2486	6.2145	4.0232	3.004	8.5232	9.2189	9.6836	2.5827	5.7699	570000.0	2021-11-02T23:42:12.541032+00:00	06a77ea3-2502-45af-9f8a-e01e6e7b1b3d	2021-11-02 23:42:12.541032+00:00	6169c82f761da24792b92751	
23																								"http://nucleus-frontend.domino-platform:80 ""POST /v4/modelManager/recordInvocation HTTP/1.1"" 200 4"
24	7.0216	2.8293	3.819	2.4333	4.5248	7.7209	5.0012	4.6798	6.9389	5.0186	2.7729	9.7762	10.1495	2.3125999999999998	10.0417	4.3399	2.7318	7.1907	770000.0	2021-11-02T23:42:12.563187+00:00	f02f412d-731f-4fbd-b8b6-3429a60533d6	2021-11-02 23:42:12.563187+00:00	6169c82f761da24792b92751	
25	10.7821	8.1344	7.8916	5.0252	4.4133	5.8174	7.8111	1.185	7.1999	7.7418	2.6497	1.8423	3.4696	7.0562	3.9398	5.8946000000000005	10.3453	2.6584	570000.0	2021-11-02T23:42:12.582875+00:00	495625ab-9f2f-4c29-bc1d-e3b1a9a8ba6a	2021-11-02 23:42:12.582875+00:00	6169c82f761da24792b92751	
26	10.8135	6.2494	9.1997	1.5165000000000002	2.0905	7.6883	5.2954	2.4513	7.5446	8.585	6.9181	4.6787	3.0075	7.1013	7.7609	2.7186	8.4913	10.5741	570000.0	2021-11-02T23:42:12.603612+00:00	f67cf498-9ba1-4304-bf79-f97862dd5577	2021-11-02 23:42:12.603612+00:00	6169c82f761da24792b92751	
27	10.8187	3.3528000000000002	7.7326	2.5937	3.3161	6.4105	1.1099	9.5642	3.0487	8.5144	7.8261	3.6158	7.0843	5.1837	8.9194	2.8524000000000003	7.6151	6.1798	570000.0	2021-11-02T23:42:12.625123+00:00	b6f8ff2c-f3e3-4a85-a43f-34d78839e727	2021-11-02 23:42:12.625123+00:00	6169c82f761da24792b92751	
28	5.0319	6.2493	3.1628	2.2982	4.719	3.4159	4.3053	6.2600999999999996	2.9785	9.8473	9.1248	2.4764	4.8818	2.8291	8.2186	7.6045	3.7878	9.2382	570000.0	2021-11-02T23:42:12.645945+00:00	2460ba80-8070-4924-ab4c-16068f0a7002	2021-11-02 23:42:12.645945+00:00	6169c82f761da24792b92751	
29	2.7094	6.9011	2.1223	1.9169	2.3226	3.3671	8.4508	3.1233	6.8254	8.9368	7.6671	2.2297000000000002	3.1269	3.7583	2.8647	8.2915	6.2626	4.6022	570000.0	2021-11-02T23:42:12.666439+00:00	2b51b836-b799-4354-ad15-b43f6c1a6be3	2021-11-02 23:42:12.666439+00:00	6169c82f761da24792b92751	
30	7.8918	8.2015	10.4186	8.4032	10.0534	7.2025	4.767	7.3727	6.7276	5.9268	5.8142	2.6464	2.5208	1.6487	7.5658	1.3898000000000001	4.0141	5.6938	570000.0	2021-11-02T23:42:12.686630+00:00	9968e1e7-6417-4f1d-93ec-050536816bb5	2021-11-02 23:42:12.686630+00:00	6169c82f761da24792b92751	
31	10.8792	1.8394	2.8859	2.8125	8.0917	10.3964	1.8491	3.3364000000000003	4.8507	7.8065	6.4286	4.3451	7.4515	10.4141	7.9132	8.8802	10.4377	4.4784	570000.0	2021-11-02T23:42:12.706123+00:00	39954279-ecbf-41a0-8908-97bb46183111	2021-11-02 23:42:12.706123+00:00	6169c82f761da24792b92751	
32	2.5811	5.5687999999999995	6.7464	4.6166	9.1097	10.8901	5.8243	3.1676	8.4655	3.4051	10.3089	2.7067	5.6794	6.4883	4.9727	8.7165	4.4303	5.7667	570000.0	2021-11-02T23:42:12.727297+00:00	9962807a-f003-4630-b5e1-6b3f76ed5c9b	2021-11-02 23:42:12.727297+00:00	6169c82f761da24792b92751	
33	4.1219	10.9333	3.542	7.302	4.5037	10.0563	6.4604	5.557	6.8707	4.6068	7.8836	1.6739000000000002	2.1896	4.3791	9.4103	2.8856	9.0448	2.1926	570000.0	2021-11-02T23:42:12.747587+00:00	30ba5339-fce1-4c88-b727-ca0a4c6b28b3	2021-11-02 23:42:12.747587+00:00	6169c82f761da24792b92751	
34	10.1665	9.7538	1.324	2.308	3.2689	5.698	6.6011	5.9097	9.2437	6.9392	6.7077	9.0559	10.2613	7.9111	1.3042	3.4161	4.0154	1.0444	770000.0	2021-11-02T23:42:12.765942+00:00	131612ac-419d-4d6f-bdb0-e31853fe03e9	2021-11-02 23:42:12.765942+00:00	6169c82f761da24792b92751	
35	4.1691	4.2547	4.2306	3.4877000000000002	3.9744	6.4519	3.1403	10.6567	6.0915	8.0618	1.5692	4.554	6.5462	10.0241	4.7185	7.4338	10.8336	10.8251	217000.0	2021-11-02T23:42:12.785181+00:00	05d78058-ba2a-4578-b4d4-7c4f1a0c3d91	2021-11-02 23:42:12.785181+00:00	6169c82f761da24792b92751	
36	1.9011	1.5069	1.9844	2.168	9.944700000000001	7.1981	10.3748	3.4195	1.7929	7.7864	10.0953	9.7792	8.6415	5.2832	6.1039	2.3479	8.8272	5.9522	770000.0	2021-11-02T23:42:12.805732+00:00	fc6fcd1a-8de9-46f5-aede-20649f81e42d	2021-11-02 23:42:12.805732+00:00	6169c82f761da24792b92751	
37	7.8532	5.46	7.0755	8.8797	2.6766	5.5268	5.4811	4.7544	3.6046	1.9847000000000001	4.0819	1.9939	10.5273	7.3049	7.7806	9.3575	9.4732	7.57	770000.0	2021-11-02T23:42:12.824438+00:00	4ad43fb4-dbdc-45ac-94d7-d6c0493477dd	2021-11-02 23:42:12.824438+00:00	6169c82f761da24792b92751	
38	4.59	7.5274	1.8576000000000001	9.6897	10.9333	9.8179	1.5776	6.2245	1.7902	6.4125	1.3397000000000001	1.168	4.1542	8.064	4.1349	3.2281	3.3407	3.0052	217000.0	2021-11-02T23:42:12.843105+00:00	7056c5ff-5359-4a73-96aa-4ad2e59fd7ac	2021-11-02 23:42:12.843105+00:00	6169c82f761da24792b92751	
39	4.662	4.2783	9.4111	6.7819	5.1355	7.5476	2.9357	10.5586	7.2408	8.8871	7.9676	8.6847	1.2423	1.6623999999999999	3.7979000000000003	10.0095	2.9361	8.8744	570000.0	2021-11-02T23:42:12.863871+00:00	f07e35d5-2c09-473f-99c8-ff20de3b511c	2021-11-02 23:42:12.863871+00:00	6169c82f761da24792b92751	
40	5.4457	4.9089	1.4096	2.3578	7.9252	8.8434	9.3626	9.047	3.1506	2.0545	6.75	2.8846	8.403	5.1886	9.5397	5.7305	4.1452	1.8138	570000.0	2021-11-02T23:42:12.885467+00:00	7b74483a-10a6-449b-b01f-fa168a88eced	2021-11-02 23:42:12.885467+00:00	6169c82f761da24792b92751	
41	3.7308	2.8628	9.7712	3.6344000000000003	5.658	6.5823	1.8754	8.3737	5.5132	10.3549	9.9951	10.8433	4.7951	9.6157	4.3498	9.9634	3.1443	5.9907	570000.0	2021-11-02T23:42:12.905639+00:00	be0be552-c844-46f4-886f-adaa86a5f46a	2021-11-02 23:42:12.905639+00:00	6169c82f761da24792b92751	
42	10.1851	6.1992	5.1535	1.7331	2.025	1.4379	1.2871000000000001	10.6508	2.22	8.5373	3.3307	9.1358	5.4955	4.8298000000000005	4.3196	3.5220000000000002	1.1698	2.3696	570000.0	2021-11-02T23:42:12.927349+00:00	de81eb53-1c1c-43db-97e4-feddbe424793	2021-11-02 23:42:12.927349+00:00	6169c82f761da24792b92751	
43	10.053	1.3551	8.3203	3.9949	5.9562	2.6036	5.2959	7.423	10.8234	1.2037	3.314	6.749	9.4769	4.1017	7.6962	6.3911	10.0985	8.828	770000.0	2021-11-02T23:42:12.950366+00:00	b02541c1-8582-48af-b96a-d228d3b5a6ec	2021-11-02 23:42:12.950366+00:00	6169c82f761da24792b92751	
44	2.7763	8.5616	4.4353	8.0512	2.9499	6.729	6.8469	6.7996	5.1932	7.0021	7.9878	9.975999999999999	6.9848	4.9519	3.1511	7.5371	5.9466	2.0788	570000.0	2021-11-02T23:42:12.972249+00:00	1951c10e-8072-4fbe-a83f-55e54db49786	2021-11-02 23:42:12.972249+00:00	6169c82f761da24792b92751	
45	10.5576	1.2882	6.954	10.7584	3.4417	9.133	6.8393	1.7058	1.5232999999999999	5.8135	8.8252	1.7947000000000002	10.3489	6.8908000000000005	2.2652	6.4894	7.611	6.362	770000.0	2021-11-02T23:42:12.992359+00:00	560cbe2a-2aaa-451c-b579-1de7f51dda1e	2021-11-02 23:42:12.992359+00:00	6169c82f761da24792b92751	
46	4.1151	2.159	10.1314	10.9245	1.2989	6.1675	2.6818	8.4103	4.4748	9.2648	10.0462	7.1111	10.9323	4.5875	6.638	7.827	2.6618	4.4783	770000.0	2021-11-02T23:42:13.013837+00:00	97ba7e34-aa8f-4e84-8764-2d642b85a221	2021-11-02 23:42:13.013837+00:00	6169c82f761da24792b92751	
47	4.9448	2.9641	8.5051	3.4037	8.1236	7.9007000000000005	10.4172	7.4586	7.6343	5.9792000000000005	7.9852	9.2099	6.2095	4.3332	10.2475	7.3663	2.1426	7.3771	570000.0	2021-11-02T23:42:13.035440+00:00	1bd4e9ef-9d5f-42ec-9dfd-7991f7d83deb	2021-11-02 23:42:13.035440+00:00	6169c82f761da24792b92751	
48	8.4614	5.8068	3.6608	8.2094	4.5518	4.2758	9.473700000000001	5.3701	5.1594	2.3144	1.298	10.2789	7.2408	1.9943	9.736	10.8195	5.0938	3.2713	217000.0	2021-11-02T23:42:13.067122+00:00	9d492c6b-a1ea-4276-be49-d9b853547a8b	2021-11-02 23:42:13.067122+00:00	6169c82f761da24792b92751	
49	7.3346	3.4743	9.8532	7.7559000000000005	8.9879	8.4029	3.529	10.5176	7.1177	9.8895	7.7785	7.461	9.2407	3.887	5.8651	10.8139	9.5858	8.372	770000.0	2021-11-02T23:42:13.087038+00:00	c0fe0985-a34c-465b-96fd-49b1f718489a	2021-11-02 23:42:13.087038+00:00	6169c82f761da24792b92751	
50	8.9415	4.7128	10.4026	7.6846	8.0424	9.9348	7.7864	7.05	4.9762	5.1704	4.1452	10.8581	7.0405	6.0556	2.6647	6.9524	3.987	3.542	570000.0	2021-11-02T23:42:13.107725+00:00	0b28ece5-7511-40e7-92bd-d1d72b18d5ec	2021-11-02 23:42:13.107725+00:00	6169c82f761da24792b92751	
51	9.549	5.429	4.9524	8.3747	1.4353	2.4387	3.1498	8.4238	8.0427	7.4861	10.6583	6.54	9.3328	10.3302	2.5954	8.762599999999999	2.6137	9.0951	770000.0	2021-11-02T23:42:13.129076+00:00	936aa687-0601-4af4-b44a-09bf903177ae	2021-11-02 23:42:13.129076+00:00	6169c82f761da24792b92751	
52	5.8175	1.0502	9.5676	7.6555	1.9935	2.1306	2.0584	10.6487	3.7034000000000002	1.1219999999999999	3.4130000000000003	9.7064	3.0994	10.9666	3.3882	8.891	3.441	9.265	570000.0	2021-11-02T23:42:13.148812+00:00	e071579a-d116-4450-842d-6bf63d06fe05	2021-11-02 23:42:13.148812+00:00	6169c82f761da24792b92751	
53	6.5885	3.2126	3.122	9.034	10.5386	3.3675	2.6853	9.2961	10.8542	4.6333	2.7868	3.7856	3.5397	2.1781	3.7906	1.5206	4.8398	2.3317	570000.0	2021-11-02T23:42:13.169161+00:00	ff424f84-88ad-4b5e-884c-c5ca4cd0fdcc	2021-11-02 23:42:13.169161+00:00	6169c82f761da24792b92751	
54	9.4008	9.6402	10.4562	4.2301	5.2401	7.2197	2.5617	5.4549	5.9809	7.4726	1.4688	3.7432	6.2461	4.6247	10.2251	5.6957	9.8081	7.7983	217000.0	2021-11-02T23:42:13.187881+00:00	370e5dd5-e20f-4da9-acfd-1bf6cbcedff1	2021-11-02 23:42:13.187881+00:00	6169c82f761da24792b92751	
55																								"http://nucleus-frontend.domino-platform:80 ""POST /v4/modelManager/recordInvocation HTTP/1.1"" 200 4"
56	10.1386	8.9789	6.768	3.2427	6.5102	8.0723	5.811	9.4285	6.45	4.8446	5.1845	10.2483	3.2507	10.092	4.9548000000000005	2.2004	8.138	5.3961	570000.0	2021-11-02T23:42:13.209412+00:00	3be38bdb-f922-47c4-be51-8eca3356d849	2021-11-02 23:42:13.209412+00:00	6169c82f761da24792b92751	
57	2.3266999999999998	7.8718	1.4708	2.1673	9.869299999999999	2.2229	4.7451	1.209	1.2756	8.0634	3.1336	8.5955	9.1525	7.7765	3.1725	2.5564	6.828	2.1216	770000.0	2021-11-02T23:42:13.228691+00:00	146601f9-e342-4147-97f4-d1b10425d14e	2021-11-02 23:42:13.228691+00:00	6169c82f761da24792b92751	
58	9.2942	7.075	4.7835	6.9523	2.0432	6.0789	9.0035	9.9146	8.0604	7.0919	9.5678	6.1065	2.2241	5.4102	4.3935	4.1046	8.1406	10.538499999999999	570000.0	2021-11-02T23:42:13.248369+00:00	292c45b8-1fd0-49f2-b7ab-7803cce5c43a	2021-11-02 23:42:13.248369+00:00	6169c82f761da24792b92751	
59	3.979	10.0061	6.9239	4.9308	8.2629	8.5513	3.7616	1.2658	2.6281	2.1566	7.1402	8.2037	6.1784	4.0388	9.5353	3.5346	3.8601	10.899000000000001	570000.0	2021-11-02T23:42:13.267930+00:00	98114b0b-9b0f-4db6-9332-843b153799c2	2021-11-02 23:42:13.267930+00:00	6169c82f761da24792b92751	
60	8.4252	1.9245	3.0831	6.4538	10.92	3.0492	10.7164	7.3133	1.154	9.0266	6.5678	7.3805	5.9361	6.0661	10.2006	5.557	1.7149	5.3864	570000.0	2021-11-02T23:42:13.288341+00:00	5a6b2772-6be7-42ed-bb59-c603e367d1aa	2021-11-02 23:42:13.288341+00:00	6169c82f761da24792b92751	
61	1.9809999999999999	7.4656	9.9043	10.7741	1.0167	2.3507	9.9117	3.1093	5.9327000000000005	9.4156	6.7851	2.5129	7.4633	5.9462	2.7059	8.025	8.1197	8.9719	570000.0	2021-11-02T23:42:13.306906+00:00	deca8590-026d-45fa-b5a5-5d00a9d52be9	2021-11-02 23:42:13.306906+00:00	6169c82f761da24792b92751	
62	5.8181	3.9355	3.2217000000000002	1.8324	1.3569	10.5166	2.2638	4.7599	8.2221	1.0803	7.8625	8.7848	9.5289	7.22	1.4357	9.289	3.304	1.4037	770000.0	2021-11-02T23:42:13.326236+00:00	796416a8-ff11-4b9f-834d-0a33ed5db130	2021-11-02 23:42:13.326236+00:00	6169c82f761da24792b92751	
63	9.3427	4.6313	6.3371	10.123	4.2676	10.389	6.7308	3.2283	5.5275	9.7627	7.7562	2.7941000000000003	5.608	8.9681	10.0674	2.7403	9.5725	10.0798	570000.0	2021-11-02T23:42:13.346691+00:00	8317b3f7-440d-43bc-86d0-329e7884271c	2021-11-02 23:42:13.346691+00:00	6169c82f761da24792b92751	
64	5.2579	6.9093	2.0129	8.4689	10.1986	10.8784	3.2878	1.5926	2.6447000000000003	7.2703	8.017	8.8672	3.2936	1.0251	4.8667	10.0633	7.002	3.4556	570000.0	2021-11-02T23:42:13.370387+00:00	98a2bfc8-b25c-4f6b-9cd9-9393faa7e9af	2021-11-02 23:42:13.370387+00:00	6169c82f761da24792b92751	
65	8.9088	5.1824	5.9376	1.0423	7.5794	10.409	7.302	8.6587	5.8101	7.0494	1.0532	9.5427	5.3557	1.5768	10.9796	5.2962	1.626	8.0677	217000.0	2021-11-02T23:42:13.391860+00:00	29dd53cf-202b-4837-992d-02b9b7438481	2021-11-02 23:42:13.391860+00:00	6169c82f761da24792b92751	
66	1.9279000000000002	5.6551	8.489	9.8021	8.5037	4.4855	5.1369	6.6245	4.5079	1.0694	6.6177	6.6986	10.089	7.1899	9.5399	6.7996	5.8938	7.4853	770000.0	2021-11-02T23:42:13.412616+00:00	956bbf56-0627-4b9d-8eaa-8d361ec04481	2021-11-02 23:42:13.412616+00:00	6169c82f761da24792b92751	
67	8.907	8.2715	3.9635	7.4341	8.1791	6.1923	2.0491	6.3072	8.5014	4.0503	1.85	4.3327	6.452	8.502	7.0973	5.5969	2.6593	2.2827	217000.0	2021-11-02T23:42:13.432384+00:00	3ddc2350-fadc-49af-8aea-9089ce9b0ec9	2021-11-02 23:42:13.432384+00:00	6169c82f761da24792b92751	
68	9.2614	10.4244	5.6934000000000005	6.6371	5.3878	2.0423	1.4689	8.1858	4.4937000000000005	3.1218	2.5221	4.4704	7.1485	1.8655	10.6309	1.5386000000000002	3.193	4.4335	570000.0	2021-11-02T23:42:13.452185+00:00	ab9aff96-f266-4bef-8822-525f634af9e1	2021-11-02 23:42:13.452185+00:00	6169c82f761da24792b92751	
69	7.7094000000000005	10.473700000000001	6.9847	7.5394	5.9384	3.882	3.9946	7.8208	4.9447	10.1317	1.3657	5.1108	7.0557	8.6104	4.182	7.1181	1.7689	1.8488	217000.0	2021-11-02T23:42:13.472391+00:00	b05d8963-306c-48eb-ba74-918dd80bc693	2021-11-02 23:42:13.472391+00:00	6169c82f761da24792b92751	
70	1.6388	3.8083	7.7806	8.6279	2.2155	3.3017	10.0872	5.4277	9.6165	1.7857	10.5151	3.9747	8.5363	1.7366000000000001	4.8568	3.5128	9.999	2.9689	770000.0	2021-11-02T23:42:13.494227+00:00	17c71109-c2d0-4b83-beb5-a04a45300f99	2021-11-02 23:42:13.494227+00:00	6169c82f761da24792b92751	
71	7.1178	3.4691	5.2036	1.722	9.1288	7.8068	4.7276	6.5266	8.1144	8.1523	7.1444	9.9847	6.9551	4.0816	3.9654	5.3377	8.3983	5.1235	570000.0	2021-11-02T23:42:13.514193+00:00	6853837d-986e-4287-a65f-3cf985af61c6	2021-11-02 23:42:13.514193+00:00	6169c82f761da24792b92751	
72	1.6966999999999999	8.6147	9.6118	7.6681	1.8961999999999999	10.2281	1.1534	1.584	5.7536000000000005	6.5507	8.493500000000001	1.6501000000000001	10.6415	5.1393	4.5003	6.8003	6.4612	2.4455	770000.0	2021-11-02T23:42:13.533734+00:00	37136f41-2272-4d1e-99bd-26e15dd06dbc	2021-11-02 23:42:13.533734+00:00	6169c82f761da24792b92751	
73	2.5946	8.9014	3.3154	2.2876	1.2446	9.1252	8.6085	2.3617	5.5507	7.4747	9.681000000000001	7.3118	1.4076	7.0149	10.5443	1.6975	10.7772	1.0271	570000.0	2021-11-02T23:42:13.555512+00:00	25eb8c45-6ec3-4bfc-8f67-74daeb87fe97	2021-11-02 23:42:13.555512+00:00	6169c82f761da24792b92751	
74	1.0334	1.1014	5.4017	3.1062	3.4913	4.7959	5.2923	4.4995	3.2516	3.2846	1.717	1.6987	7.74	5.2761	2.0734	10.209	10.996	6.7600999999999996	217000.0	2021-11-02T23:42:13.576327+00:00	e4c25b73-ce7f-4f70-b373-cec13864a149	2021-11-02 23:42:13.576327+00:00	6169c82f761da24792b92751	
75	7.7355	6.6889	1.4258	6.251	5.4956	10.3588	7.8195	6.2843	6.5459	1.2516	1.0104	7.3909	5.3666	6.3413	2.8842	4.7204	2.5077	6.7477	217000.0	2021-11-02T23:42:13.595449+00:00	0170e5af-03e4-4ebe-88ce-9314231af277	2021-11-02 23:42:13.595449+00:00	6169c82f761da24792b92751	
76	3.38	8.544599999999999	5.6391	9.8813	2.1274	9.4473	10.4661	1.0134	1.0932	9.1719	1.953	6.8977	10.3254	3.6757	3.6955999999999998	3.0774	8.5946	8.7739	770000.0	2021-11-02T23:42:13.615049+00:00	d6e3ae5e-5e6b-4aff-9f5f-6b30f627a46c	2021-11-02 23:42:13.615049+00:00	6169c82f761da24792b92751	
77																								"http://nucleus-frontend.domino-platform:80 ""POST /v4/modelManager/recordInvocation HTTP/1.1"" 200 4"
78	9.3023	6.6812000000000005	9.831	10.1967	5.7309	5.6339	6.6977	4.5945	3.333	10.1619	5.0447	9.5757	10.7766	7.6629000000000005	4.7945	4.1665	9.3606	3.1972	770000.0	2021-11-02T23:42:13.636650+00:00	0c52ddd3-ceed-4992-8783-2cb262fbb53f	2021-11-02 23:42:13.636650+00:00	6169c82f761da24792b92751	
79	2.6105	5.9097	9.3756	3.4585	5.5766	6.3436	5.9384	2.985	7.3899	3.5154	8.5545	1.3819	8.1025	1.1721	3.2928	5.3804	5.1273	3.4065	570000.0	2021-11-02T23:42:13.656786+00:00	e90ce961-ed0c-47eb-bd08-3b3ecb1e82cc	2021-11-02 23:42:13.656786+00:00	6169c82f761da24792b92751	
80	10.9027	10.449	2.2269	7.1268	2.229	5.7822	9.7105	5.0031	2.0876	3.7382	1.0071	8.8468	10.3795	9.3794	7.1762	6.0731	7.21	6.953	770000.0	2021-11-02T23:42:13.676295+00:00	c029ad42-9b01-4b4d-958f-e1ffe88c7416	2021-11-02 23:42:13.676295+00:00	6169c82f761da24792b92751	
81	1.6195	4.1086	7.2389	3.7888	8.9633	3.8201	1.5881	6.681	1.8047	8.8863	5.5332	8.5408	7.9501	3.9094	3.7643	8.9695	10.3532	8.261	570000.0	2021-11-02T23:42:13.697691+00:00	6821d69b-de14-45f3-b2ed-bbfa3f747be7	2021-11-02 23:42:13.697691+00:00	6169c82f761da24792b92751	
82	1.9934	10.4433	4.3719	10.1297	2.8301	10.2	5.1864	6.8238	4.3157	7.5296	1.3856	5.4517	8.5048	9.2308	9.8254	4.4984	6.7619	8.8484	770000.0	2021-11-02T23:42:13.718454+00:00	25a374c3-6669-4d87-8a06-b86343850b57	2021-11-02 23:42:13.718454+00:00	6169c82f761da24792b92751	
83	2.0664	6.0358	5.0408	2.7016999999999998	1.9703	6.3143	7.5916	10.8557	6.5023	4.1628	6.1241	8.183	10.0317	7.6369	2.1282	10.9199	8.6601	7.3255	770000.0	2021-11-02T23:42:13.737263+00:00	41b63943-5969-4918-b1cd-ea1ae3854ffb	2021-11-02 23:42:13.737263+00:00	6169c82f761da24792b92751	
84	4.1287	2.3642	5.9517	4.9851	2.0151	6.0264	4.9379	6.5287	9.675	8.9849	3.0146	6.6565	5.6727	4.3819	10.6501	4.0521	3.318	2.3011	570000.0	2021-11-02T23:42:13.757665+00:00	9468b478-925f-415c-a254-2ea80da46f8f	2021-11-02 23:42:13.757665+00:00	6169c82f761da24792b92751	
85	8.4305	8.6808	2.8957	1.019	5.8942	8.4436	8.6153	7.7813	1.5363	9.9878	4.1354	4.6522	2.9531	10.8194	1.683	9.6506	9.7857	7.5517	570000.0	2021-11-02T23:42:13.777941+00:00	fa0dab7a-ecc9-4288-ad9a-15ea115d6bba	2021-11-02 23:42:13.777941+00:00	6169c82f761da24792b92751	
86	3.6553	2.9628	10.5798	8.5077	8.0384	10.0347	7.7813	8.2687	5.4971	6.9289000000000005	9.1949	5.4609	8.773	5.2929	3.3325	2.0324	10.5205	3.4225	770000.0	2021-11-02T23:42:13.797035+00:00	a10874ef-1b7c-4ff7-8b11-0415053856bc	2021-11-02 23:42:13.797035+00:00	6169c82f761da24792b92751	
87	5.0762	10.5741	7.8007	10.6125	3.5465	1.3167	4.4247	3.5173	1.9335	9.388	1.301	7.2506	7.6101	3.6661	5.6702	4.3189	2.8595	1.3107	217000.0	2021-11-02T23:42:13.819340+00:00	f6340f22-b371-4d54-a290-94d975c39da4	2021-11-02 23:42:13.819340+00:00	6169c82f761da24792b92751	
88	4.4329	9.1886	3.3792	5.877	3.9045	5.9395	3.08	7.54	6.9895	4.7573	5.2225	7.6789000000000005	4.161	5.043	2.4266	3.031	5.5433	2.1667	570000.0	2021-11-02T23:42:13.843273+00:00	bf75a31d-19be-4c4f-af2a-95f24661aaf3	2021-11-02 23:42:13.843273+00:00	6169c82f761da24792b92751	
89	2.388	6.0607	6.4389	8.043	4.7468	4.4056	1.3203	2.457	5.0315	6.0337	1.8789	2.3795	4.5347	8.0032	2.5388	6.7193000000000005	4.1822	3.8958	217000.0	2021-11-02T23:42:13.865031+00:00	e5935645-8c96-4444-b3ef-e5f5bcec65e9	2021-11-02 23:42:13.865031+00:00	6169c82f761da24792b92751	
90	10.8133	7.2755	5.849	1.5205000000000002	7.3887	6.2992	1.6658	6.4582	4.1937	10.8138	1.5697999999999999	8.9903	1.1184	8.0332	9.6741	7.2565	9.8199	4.7677	217000.0	2021-11-02T23:42:13.890514+00:00	b451e862-774b-4d46-ba42-a05b21ec58f7	2021-11-02 23:42:13.890514+00:00	6169c82f761da24792b92751	
91	7.0313	9.5535	5.7655	5.9047	10.9841	3.2476	7.0443	8.831900000000001	8.8016	1.8149000000000002	5.765	2.2306	1.7692999999999999	9.3175	5.7865	3.1495	7.8221	10.538	570000.0	2021-11-02T23:42:13.910156+00:00	21ddbb0d-8fba-45be-afd3-d24e77a408b9	2021-11-02 23:42:13.910156+00:00	6169c82f761da24792b92751	
92	5.358	4.6575	2.9046000000000003	6.6875	6.438	7.0715	9.8734	8.1763	5.5232	10.9375	8.4965	2.4629	2.5791	5.3457	10.6299	1.9300000000000002	10.2536	7.243	570000.0	2021-11-02T23:42:13.929980+00:00	983378cf-2429-43c2-b8a6-1067813357d9	2021-11-02 23:42:13.929980+00:00	6169c82f761da24792b92751	
93	2.7305	4.3873	3.5007	7.1935	10.096	1.8241	7.8345	5.4745	1.7826	10.8732	10.4303	10.1567	6.5573	8.1659	5.2325	5.0692	5.2146	4.6387	570000.0	2021-11-02T23:42:13.949381+00:00	b2bde884-f161-4210-b037-72af8dd1b2ae	2021-11-02 23:42:13.949381+00:00	6169c82f761da24792b92751	
94	6.2329	6.3786	9.0686	7.4134	4.2616	4.0932	9.7686	9.2397	6.7111	10.4343	10.7316	2.7298999999999998	9.8183	9.9151	1.5948	2.755	2.6694	5.1704	770000.0	2021-11-02T23:42:13.970333+00:00	b916c50a-58fa-4072-b9e3-1f55bf833609	2021-11-02 23:42:13.970333+00:00	6169c82f761da24792b92751	
95	5.7282	7.9362	4.5828	9.9622	10.2729	8.4511	3.4877000000000002	2.091	2.0207	4.8479	7.6937	6.4257	6.3195	3.1145	8.600999999999999	7.6919	8.1202	6.2945	570000.0	2021-11-02T23:42:13.991030+00:00	bb928a2b-8158-45b4-9ad0-d44cd64359b9	2021-11-02 23:42:13.991030+00:00	6169c82f761da24792b92751	
96	6.3909	6.2048	4.5528	7.806	8.8837	10.5145	5.6619	5.0457	5.6943	1.7616	6.5469	7.7646	4.8341	7.014	1.9457	2.5535	4.2797	9.8842	570000.0	2021-11-02T23:42:14.013167+00:00	b7c4da44-7238-4065-9496-9048206fa42a	2021-11-02 23:42:14.013167+00:00	6169c82f761da24792b92751	
97	2.0296	10.7013	8.0022	7.0156	8.9832	6.3379	4.6284	7.2995	10.4722	5.5799	7.5968	4.4601	9.3561	2.8581000000000003	3.5569	6.5583	8.1265	9.3588	770000.0	2021-11-02T23:42:14.032974+00:00	7ed73474-3a2b-4abf-98c7-fca5228b5535	2021-11-02 23:42:14.032974+00:00	6169c82f761da24792b92751	
98	6.2258	9.4424	5.3888	10.4678	6.3624	4.4068	8.5075	9.375	9.4635	8.1741	2.1133	6.1452	5.5246	10.1436	9.2347	2.3238	10.1312	2.2927	217000.0	2021-11-02T23:42:14.055535+00:00	94479f80-8f1d-4b5f-b9d6-89950b13d3bd	2021-11-02 23:42:14.055535+00:00	6169c82f761da24792b92751	
99	9.9374	10.471	6.0554	9.8625	10.900500000000001	2.9819	2.0139	6.6315	7.3227	3.3411	3.1742	8.2939	5.8294	5.7062	8.099	8.4715	10.356	2.5846	570000.0	2021-11-02T23:42:14.079390+00:00	71188014-52f2-4a9a-a10b-b414073242c8	2021-11-02 23:42:14.079390+00:00	6169c82f761da24792b92751	
100	7.4606	9.1505	7.4738	7.5341000000000005	7.4568	1.102	5.7573	7.9445	7.2917	7.9147	5.545	8.1735	5.6754999999999995	9.5613	9.404	10.3768	3.7552	1.1081	570000.0	2021-11-02T23:42:14.100485+00:00	7ff35291-4aff-483f-a188-7a3450523066	2021-11-02 23:42:14.100485+00:00	6169c82f761da24792b92751	
101	3.5732	1.0356	3.4149000000000003	4.0934	8.4704	3.2853	2.4117	1.418	8.5793	6.0173	10.7073	6.4446	8.7402	9.0385	10.7444	1.8731	8.9185	1.4874	770000.0	2021-11-02T23:42:14.125275+00:00	fbc8aa0e-466a-4f83-9a96-8dc16605ca27	2021-11-02 23:42:14.125275+00:00	6169c82f761da24792b92751	
102	5.7608	7.3902	5.364	1.8185	4.3856	8.8783	9.7791	10.6581	10.2711	1.2995	2.1428	7.6812000000000005	9.0424	9.1529	3.9942	1.2599	7.845	10.88	770000.0	2021-11-02T23:42:14.145477+00:00	867df636-1bd0-433e-8b52-341abf766315	2021-11-02 23:42:14.145477+00:00	6169c82f761da24792b92751	
103	9.2603	1.2621	7.1468	9.177	7.703	6.6543	6.2584	7.4056	9.2756	2.9912	1.1207	1.4556	1.1792	1.0334	8.7572	10.8848	3.4776	8.947	217000.0	2021-11-02T23:42:14.166375+00:00	b2ce2603-3c67-4a3a-99a9-603c194f26ff	2021-11-02 23:42:14.166375+00:00	6169c82f761da24792b92751	
104	9.0477	1.0205	8.0126	8.5192	10.8887	7.9435	2.5126	8.3648	2.3991	1.0218	4.5892	1.9566	5.0962	5.2780000000000005	8.3461	5.664	10.4176	4.362	570000.0	2021-11-02T23:42:14.185200+00:00	06fb838b-5cda-4c84-a954-14ae0fa80ad5	2021-11-02 23:42:14.185200+00:00	6169c82f761da24792b92751	
105	9.9148	10.2387	3.7854	3.7362	10.9243	7.8413	10.9951	5.1322	1.7446000000000002	4.0653	7.1041	8.9842	5.4547	1.5046	4.793	9.7991	4.6062	2.5825	570000.0	2021-11-02T23:42:14.205268+00:00	6f7a3096-872a-4d6f-b313-93e4b0d5e171	2021-11-02 23:42:14.205268+00:00	6169c82f761da24792b92751	
106	8.4958	3.8301	2.617	1.7544	4.6272	2.4677	6.4643	1.6438000000000001	8.6222	6.1305	5.0763	10.8264	8.919	4.1002	9.2734	10.1726	6.2458	4.7614	770000.0	2021-11-02T23:42:14.226344+00:00	6991e7a0-804b-4aa8-a7ce-d9b8af0c23a9	2021-11-02 23:42:14.226344+00:00	6169c82f761da24792b92751	
107	3.8686	7.8004999999999995	5.3527000000000005	1.4478	9.7108	10.6557	8.1372	1.2608000000000001	7.6953	3.3486000000000002	1.6825	7.8715	2.7706	8.0296	5.7878	7.8599	6.3915	4.7419	217000.0	2021-11-02T23:42:14.245035+00:00	5f0091c9-6e0e-4d03-9896-29a494d76215	2021-11-02 23:42:14.245035+00:00	6169c82f761da24792b92751	
108	9.524000000000001	1.6992	1.3799000000000001	8.1351	10.0265	2.7761	5.8204	7.4157	10.8348	2.1442	6.7903	4.9879999999999995	7.2349	7.0841	1.9300000000000002	2.0525	6.3205	7.8842	570000.0	2021-11-02T23:42:14.264052+00:00	befddd61-88cf-4a06-a3c9-bc26161a2c43	2021-11-02 23:42:14.264052+00:00	6169c82f761da24792b92751	
109																								"http://nucleus-frontend.domino-platform:80 ""POST /v4/modelManager/recordInvocation HTTP/1.1"" 200 4"
110	1.7011	2.6316	9.3678	10.2788	5.7048	6.1911	6.1418	9.0836	9.5484	10.9469	4.53	9.9729	4.3481	5.1959	5.7705	6.5991	7.1832	9.7581	570000.0	2021-11-02T23:42:14.285730+00:00	1893362c-9cea-45d1-b0cf-83a8e33d3e42	2021-11-02 23:42:14.285730+00:00	6169c82f761da24792b92751	
111	4.4612	3.8208	2.0369	9.6523	2.9727	9.3342	10.9655	3.4496	1.7705000000000002	3.1533	5.9207	3.5732	8.7911	2.3884	3.7717	10.3056	5.5399	6.1357	770000.0	2021-11-02T23:42:14.312507+00:00	56342889-5fac-4381-b1a9-dcb1dd7ad247	2021-11-02 23:42:14.312507+00:00	6169c82f761da24792b92751	
112	10.3316	1.7970000000000002	1.9878	5.7458	8.4892	1.0917	2.8809	2.1888	4.2004	10.8197	1.4563000000000001	2.9164	7.0296	8.9568	1.3621	6.6581	6.9709	5.5395	217000.0	2021-11-02T23:42:14.335933+00:00	ff2864cf-b2a9-4d29-bfbd-3abec7b2f0a7	2021-11-02 23:42:14.335933+00:00	6169c82f761da24792b92751	
113	8.7505	7.1396	7.256	4.0968	7.7023	2.9048	9.2657	8.2911	1.396	4.6315	2.7178	10.6548	5.9718	7.0235	6.123	7.1977	8.3677	2.1128	570000.0	2021-11-02T23:42:14.355675+00:00	2dd4f966-daf2-413b-93f2-a0068c13596b	2021-11-02 23:42:14.355675+00:00	6169c82f761da24792b92751	
114	1.0362	3.9798999999999998	6.5969	2.1899	9.1573	2.2818	4.7652	1.1172	10.5043	6.7374	8.3357	5.2143	6.8388	2.9125	10.7774	5.3645	8.8653	4.8503	570000.0	2021-11-02T23:42:14.375408+00:00	7b38ab47-7e30-4c02-abd7-2d48864613cf	2021-11-02 23:42:14.375408+00:00	6169c82f761da24792b92751	
115	5.9026	2.6984	10.1451	5.5905000000000005	3.5606999999999998	7.8794	6.0903	5.0643	1.1937	4.1131	6.959	9.1796	10.5685	4.6738	8.1565	5.6983	10.747	6.671	770000.0	2021-11-02T23:42:14.396758+00:00	e8e2d1e1-c508-4ac5-9bd5-5c813241bfa6	2021-11-02 23:42:14.396758+00:00	6169c82f761da24792b92751	
116	5.9723	8.6643	9.7574	3.666	2.9023	7.4821	9.8943	8.3142	6.1153	6.4254	6.2236	4.1188	1.6402	3.3464	2.1259	7.7851	2.5127	7.2825	570000.0	2021-11-02T23:42:14.418032+00:00	49e5ec6b-f0b1-48c5-9a8e-3b7b68b6eb84	2021-11-02 23:42:14.418032+00:00	6169c82f761da24792b92751	
117	6.1839	10.3806	6.234	7.4337	3.4181	4.0126	7.4907	6.541	1.2805	4.3134	1.2123	6.3337	8.2458	5.5657	1.0183	5.9801	7.2969	1.4272	217000.0	2021-11-02T23:42:14.439626+00:00	2b8ffe34-5a42-43d5-a2cb-0ff2b85d5a23	2021-11-02 23:42:14.439626+00:00	6169c82f761da24792b92751	
118	9.4575	6.2634	1.407	2.0707	10.2365	10.592	8.0114	5.8439	3.1019	9.5334	6.2716	5.7105	9.836	8.8224	4.1439	10.5905	3.9832	8.4099	770000.0	2021-11-02T23:42:14.460205+00:00	0233cbe9-7560-444b-b5fb-4772806bbb34	2021-11-02 23:42:14.460205+00:00	6169c82f761da24792b92751	
119	7.4187	4.1134	4.1113	8.0229	10.8345	3.2076000000000002	8.7711	8.9204	8.7531	5.3609	9.868	4.8145	4.7316	9.9028	8.979800000000001	6.9422	5.1072	1.5339	570000.0	2021-11-02T23:42:14.483018+00:00	a5991e24-f9e3-4ed2-9222-471318141d88	2021-11-02 23:42:14.483018+00:00	6169c82f761da24792b92751	
120	1.2983	3.6527000000000003	3.1897	6.7731	8.1501	9.5764	6.1715	9.9194	6.0389	8.4754	8.431	9.9248	2.7177	2.6857	5.0433	3.9942	1.3502	6.6852	570000.0	2021-11-02T23:42:14.505888+00:00	23a6e7cd-16c1-4a6a-9a23-37b82ced1263	2021-11-02 23:42:14.505888+00:00	6169c82f761da24792b92751	
121	7.2171	9.4678	7.6038	6.445	8.6995	4.5843	4.4906	7.4066	5.1266	3.3596	10.287	10.0058	9.3879	1.1883	9.2704	5.3062000000000005	2.0798	8.5144	770000.0	2021-11-02T23:42:14.527035+00:00	90758829-ad77-4cb3-884f-ccad9e7d8079	2021-11-02 23:42:14.527035+00:00	6169c82f761da24792b92751	
122	8.5031	7.5629	2.311	2.7478	6.5457	7.0772	5.0022	9.2817	7.2989	3.2915	8.3346	9.1522	10.9393	3.6859	2.6043000000000003	3.2751	5.057	10.6902	770000.0	2021-11-02T23:42:14.547627+00:00	f3a117a6-f902-46ec-8b5d-60ecace677c1	2021-11-02 23:42:14.547627+00:00	6169c82f761da24792b92751	
123	8.0321	7.2493	9.8857	2.0383	9.7452	1.1523	1.9107	1.8192	6.7995	5.6547	5.1558	1.8226	3.9196	6.1985	2.041	7.0436	5.6362	9.1364	570000.0	2021-11-02T23:42:14.566956+00:00	3aa01259-2861-402f-8eec-81e0c7d636e4	2021-11-02 23:42:14.566956+00:00	6169c82f761da24792b92751	
124	6.8919	3.3954	5.7204	2.8853	6.1434	2.8158000000000003	4.8307	1.4731	6.8976	3.368	1.1354	7.0088	7.8284	6.487	6.7792	1.4895	5.8428	8.4243	217000.0	2021-11-02T23:42:14.588490+00:00	db4d3f0f-260f-425a-ab0a-3bb2eb5c2260	2021-11-02 23:42:14.588490+00:00	6169c82f761da24792b92751	
125	3.4085	3.6741	9.193	4.3308	3.1773	2.364	5.8445	6.9027	2.1877	5.8467	1.5390000000000001	7.8606	2.4989	5.2797	3.0598	7.9531	8.3281	6.011	217000.0	2021-11-02T23:42:14.608553+00:00	334c7348-d783-41f5-89a9-eefe4c377c98	2021-11-02 23:42:14.608553+00:00	6169c82f761da24792b92751	
126	6.8284	5.5431	8.408	8.426	9.8995	1.4304999999999999	4.6318	5.2668	2.9071	4.1333	7.8043	7.3024000000000004	1.7118	6.072	9.4963	6.1838	7.508	9.8851	570000.0	2021-11-02T23:42:14.630259+00:00	7158ace5-d71d-41d4-9052-47c3f3665793	2021-11-02 23:42:14.630259+00:00	6169c82f761da24792b92751	
127	4.4982	1.6357	2.7619	10.2052	8.7461	5.3803	3.2172	7.7137	8.0712	5.5447	9.1275	1.0531	5.4388	1.2318	2.8315	9.5981	10.1738	4.1901	570000.0	2021-11-02T23:42:14.650240+00:00	a0e80add-8062-406a-be2a-16992aa080b1	2021-11-02 23:42:14.650240+00:00	6169c82f761da24792b92751	
128	5.1393	8.8109	5.6691	5.2473	2.7325	6.3859	9.6534	6.9273	4.7013	6.8412	6.4303	2.2664	6.8606	10.8099	9.5797	8.3979	8.8412	6.46	570000.0	2021-11-02T23:42:14.676177+00:00	b7b77b8e-8af0-4dde-8242-c06a21eda622	2021-11-02 23:42:14.676177+00:00	6169c82f761da24792b92751	
129	4.1164	5.4504	9.3532	9.7691	9.716	9.0683	5.5125	10.6212	4.9437	2.0281	1.1331	1.6797	2.8268	6.2426	4.6744	6.8943	1.7077	7.9258	217000.0	2021-11-02T23:42:14.698201+00:00	fce045d1-9977-4544-af67-a048efceeeeb	2021-11-02 23:42:14.698201+00:00	6169c82f761da24792b92751	
130	6.7072	4.6924	3.6548	8.1354	2.2279	2.0944	6.0982	5.9094	6.7717	6.3242	3.9311	2.7039999999999997	6.0301	5.2763	4.3983	7.4128	10.5764	10.4212	570000.0	2021-11-02T23:42:14.715698+00:00	6d9832b3-0330-4721-a647-df710b76eca7	2021-11-02 23:42:14.715698+00:00	6169c82f761da24792b92751	
131	6.6588	7.8261	5.1688	5.0737	9.7634	3.4335	7.3676	5.0594	1.6634	4.3625	1.8575	10.0158	8.9861	6.4918	10.1989	1.4965	2.024	6.8034	770000.0	2021-11-02T23:42:14.737743+00:00	f17248bb-56bc-4b43-a001-af7259de4ab9	2021-11-02 23:42:14.737743+00:00	6169c82f761da24792b92751	
132	7.7005	2.1326	9.826	6.0334	9.1098	7.1826	5.3094	7.0267	5.8887	2.8105	9.6178	4.2195	6.5556	1.9327	3.8162000000000003	1.4238	7.7013	2.5431	570000.0	2021-11-02T23:42:14.758825+00:00	f169decd-9fa5-41d6-a453-10fc99da1f84	2021-11-02 23:42:14.758825+00:00	6169c82f761da24792b92751	
133	8.0248	9.9843	3.4797000000000002	3.681	5.2828	6.6873000000000005	7.346	2.9781	9.5696	4.63	3.4611	5.7863	8.1069	4.4301	7.8343	9.9619	3.468	1.8501	570000.0	2021-11-02T23:42:14.779383+00:00	8be385e2-c1bb-422e-9f9b-44030ef4fdf0	2021-11-02 23:42:14.779383+00:00	6169c82f761da24792b92751	
134																								"http://nucleus-frontend.domino-platform:80 ""POST /v4/modelManager/recordInvocation HTTP/1.1"" 200 4"
135	6.4459	9.4108	1.8172000000000001	8.7712	3.3768000000000002	8.3946	5.6334	1.475	10.0089	8.6933	1.5558	7.2718	3.941	10.1933	2.0533	1.0323	10.8894	3.2302	217000.0	2021-11-02T23:42:14.800602+00:00	8003ab70-b1cb-4469-a6f7-bc3254c5c061	2021-11-02 23:42:14.800602+00:00	6169c82f761da24792b92751	
136	2.2711	1.508	7.4714	6.063	6.9315	7.9149	2.351	6.063	8.5163	1.198	2.8354	1.987	7.4108	7.5767	3.0529	6.0587	10.1179	4.02	570000.0	2021-11-02T23:42:14.820937+00:00	e3f442e7-7e9b-41d4-b97b-f7bf56921dee	2021-11-02 23:42:14.820937+00:00	6169c82f761da24792b92751	
137	8.7761	1.1224	7.9319	1.5593	10.4678	5.1808	10.1335	9.4599	3.8963	6.8025	1.6507	4.5749	9.072	8.75	10.171	7.4741	10.7947	10.2992	770000.0	2021-11-02T23:42:14.840715+00:00	b88c2609-de4d-4e3a-82c7-639fce6cdff7	2021-11-02 23:42:14.840715+00:00	6169c82f761da24792b92751	
138	8.8824	4.6837	1.1413	6.554	9.7745	8.8013	5.7642	3.4885	10.2069	5.7059999999999995	5.6241	1.9857	1.5275	2.5042	2.9222	9.3787	8.4314	9.2365	570000.0	2021-11-02T23:42:14.861326+00:00	968438a7-3aa0-44b9-85b7-ea528dc3981d	2021-11-02 23:42:14.861326+00:00	6169c82f761da24792b92751	
139	9.6527	7.8651	1.4293	9.9565	10.3618	10.6949	7.6938	9.2567	4.435	2.1938	3.702	7.3856	10.0133	7.1736	10.0182	1.5649000000000002	4.1157	6.0928	770000.0	2021-11-02T23:42:14.882191+00:00	97450fb9-4339-4311-aaaa-a9f3f290405f	2021-11-02 23:42:14.882191+00:00	6169c82f761da24792b92751	
140	9.6925	2.3524	4.8853	4.9444	3.3734	4.0927	1.5296	9.8098	2.8525	7.5306	4.6289	7.1496	1.1742	10.1063	9.8505	9.1758	3.911	4.1247	570000.0	2021-11-02T23:42:14.902087+00:00	03a733ad-5837-4233-9e68-6f0494be49e4	2021-11-02 23:42:14.902087+00:00	6169c82f761da24792b92751	
141	9.650500000000001	9.0411	6.4376	3.6709	4.9855	5.0082	3.7922000000000002	2.7162	6.848	9.9747	9.218	10.2476	6.4179	4.1758	3.4463	2.0507	8.0497	8.7295	570000.0	2021-11-02T23:42:14.923677+00:00	370c9de7-1350-4ab5-b104-262a4ef4e141	2021-11-02 23:42:14.923677+00:00	6169c82f761da24792b92751	
142	4.0154	10.4509	5.4089	8.3527	8.9993	1.1072	7.614	9.5162	9.7119	9.0562	5.4078	4.0712	10.8028	8.8132	7.8715	6.1829	10.5809	1.8687	770000.0	2021-11-02T23:42:14.947632+00:00	63882a4e-0fa5-4890-bcf5-e12d25fa00a5	2021-11-02 23:42:14.947632+00:00	6169c82f761da24792b92751	
143	7.0825	2.4744	1.2529	3.1492	5.9146	8.0036	10.8221	1.9358	1.1326	7.911	1.1491	3.4403	5.9125	4.5577	10.144	1.1156	3.1689	9.8998	217000.0	2021-11-02T23:42:14.968586+00:00	3e6cd4f3-ff01-4b74-a3b5-ba5ae0f06745	2021-11-02 23:42:14.968586+00:00	6169c82f761da24792b92751	
144	1.7173	7.0972	2.2389	6.2242	3.6385	5.355	10.8688	7.41	8.5502	1.2017	4.2934	8.2655	1.9035000000000002	3.9282	5.8371	4.8653	4.9065	2.836	570000.0	2021-11-02T23:42:14.989254+00:00	5dc9e1e9-f2ce-4437-80e2-9b809dc5a7c2	2021-11-02 23:42:14.989254+00:00	6169c82f761da24792b92751	
145	5.8833	9.4214	10.9567	4.1039	3.4603	3.8843	8.8536	7.8266	1.1723	8.6331	7.3415	2.5771	8.1873	9.963799999999999	5.7655	2.859	9.4201	8.7984	570000.0	2021-11-02T23:42:15.010356+00:00	103e5af5-717d-43c1-866f-895f29d4142f	2021-11-02 23:42:15.010356+00:00	6169c82f761da24792b92751	
146	3.7960000000000003	10.4956	10.8446	3.1964	1.2707	10.3133	2.6989	6.5958	7.0804	1.638	7.4055	7.2751	1.0237	7.9403	4.5623000000000005	3.0901	8.2806	4.7725	570000.0	2021-11-02T23:42:15.034027+00:00	10041b7f-acff-4f5e-924a-3eb731fed702	2021-11-02 23:42:15.034027+00:00	6169c82f761da24792b92751	
147	9.2693	5.283	1.6133000000000002	5.5438	5.5575	2.0427	4.0672	2.4761	7.184	7.5198	3.8615	10.6807	10.4892	9.1509	6.2704	2.7458	8.9912	2.274	770000.0	2021-11-02T23:42:15.052363+00:00	3d65a48d-2f99-4ebf-963a-5b5d4e32d970	2021-11-02 23:42:15.052363+00:00	6169c82f761da24792b92751	
148	8.6648	2.6109999999999998	6.0085	10.5236	2.8854	3.3194	2.5296000000000003	2.9046000000000003	9.0181	3.0332	7.4875	4.0902	10.431	2.7178	5.1496	7.0385	1.0128	4.6009	770000.0	2021-11-02T23:42:15.072717+00:00	13312799-cc26-4625-9b92-3ec6533370fc	2021-11-02 23:42:15.072717+00:00	6169c82f761da24792b92751	
149	7.065	4.6227	10.1177	5.4138	9.8431	8.5158	9.6051	10.3853	10.1287	6.5504	8.256	2.737	3.9958	7.6568000000000005	8.8928	2.8342	7.2642	8.5783	570000.0	2021-11-02T23:42:15.095288+00:00	8e44975b-e488-4d8a-a440-4815eef919b8	2021-11-02 23:42:15.095288+00:00	6169c82f761da24792b92751	
150	4.4001	7.2891	10.1599	2.5508	10.8862	3.5638	9.9022	6.16	7.9834	5.2508	10.6841	7.6612	3.7162	1.917	7.3002	7.5237	2.8966000000000003	1.5863	570000.0	2021-11-02T23:42:15.123767+00:00	5fbd9be8-1fb9-47ab-a062-a1c3bd46e29f	2021-11-02 23:42:15.123767+00:00	6169c82f761da24792b92751	
151	8.52	6.5009	9.5611	3.9538	1.0999	9.3748	9.4081	2.1038	5.646	2.5936	10.7301	1.3625	10.882	9.8616	4.9212	5.2859	8.8192	9.5075	770000.0	2021-11-02T23:42:15.146624+00:00	59c40d7d-ce82-4490-93c4-4c598fb611dc	2021-11-02 23:42:15.146624+00:00	6169c82f761da24792b92751	
152	6.0922	4.7739	8.2471	9.0263	8.435	7.6652000000000005	3.9514	10.799900000000001	6.9216	4.1837	5.8976	2.5192	10.262	10.2181	2.6525	10.4101	4.1276	2.4358	770000.0	2021-11-02T23:42:15.166444+00:00	2f51db6e-122f-487b-ae0b-e4ff4421fa5d	2021-11-02 23:42:15.166444+00:00	6169c82f761da24792b92751	
153	3.9835000000000003	10.5773	3.223	10.3011	3.3187	8.3881	7.0913	9.4666	4.9139	9.3398	3.8093	1.3591	10.880700000000001	5.7428	4.2256	8.3867	5.1793	5.587	770000.0	2021-11-02T23:42:15.187114+00:00	0ef45553-eeac-42b9-ac17-c9a4df6dd864	2021-11-02 23:42:15.187114+00:00	6169c82f761da24792b92751	
154	8.96	1.4434	2.1024	5.2446	9.1244	10.786	7.2503	6.3358	9.5973	3.7856	6.6797	6.721	6.3913	10.6216	4.8888	7.2838	6.5417000000000005	3.3888	570000.0	2021-11-02T23:42:15.214726+00:00	5fad5283-3461-435a-a5fe-8ec34852a157	2021-11-02 23:42:15.214726+00:00	6169c82f761da24792b92751	
155	4.2169	7.1887	10.3898	10.7185	4.9119	4.6347000000000005	9.8055	7.5748	3.5493	6.6726	3.7452	2.7828	2.9258	7.7614	2.0919	7.1151	8.94	6.8466000000000005	570000.0	2021-11-02T23:42:15.235947+00:00	010e8e8f-7a79-4c17-b749-3579916dbcfd	2021-11-02 23:42:15.235947+00:00	6169c82f761da24792b92751	
156	10.0773	9.696	8.1681	5.2456	2.8925	9.0488	8.1135	2.9947	10.5805	7.5669	7.5175	3.4157	7.0176	10.6029	5.7762	3.5282999999999998	6.7351	6.4695	570000.0	2021-11-02T23:42:15.254563+00:00	cf086661-055b-4a51-b381-d30a333551cc	2021-11-02 23:42:15.254563+00:00	6169c82f761da24792b92751	
157																								"http://nucleus-frontend.domino-platform:80 ""POST /v4/modelManager/recordInvocation HTTP/1.1"" 200 4"
158	7.8809000000000005	7.4981	4.6729	4.6238	3.0034	10.3239	4.6728000000000005	8.3196	7.725	7.4884	7.8656	3.0024	5.7637	9.9366	4.0727	3.5568	4.055	7.3306000000000004	570000.0	2021-11-02T23:42:15.275841+00:00	3bfbc349-a2e8-4ea6-a67c-082521ea5ecc	2021-11-02 23:42:15.275841+00:00	6169c82f761da24792b92751	
159	3.3698	9.5601	2.8732	9.0051	6.1831	2.6068	9.9252	6.2318	5.1755	1.0096	7.3581	4.7871	7.8489	4.0785	9.1887	2.4444	3.0681	1.1584	570000.0	2021-11-02T23:42:15.296505+00:00	1d822d78-5a96-42f3-b41f-56a7059e3cb2	2021-11-02 23:42:15.296505+00:00	6169c82f761da24792b92751	
160	2.5561	10.6486	5.967	2.0518	8.9652	5.3399	8.2619	9.7314	2.4319	4.2878	9.0239	3.2108	10.331	9.0559	9.5531	4.6067	5.1599	5.7376000000000005	770000.0	2021-11-02T23:42:15.317159+00:00	27fb342a-3ee2-4b99-bdda-9a31f7a19670	2021-11-02 23:42:15.317159+00:00	6169c82f761da24792b92751	
161	1.6116000000000001	2.9244	8.1021	7.3042	8.1891	8.7067	8.0089	6.1143	1.1824	2.1001	3.7979000000000003	7.7532	3.3072	10.4553	2.2187	4.9415	7.0657	10.0926	570000.0	2021-11-02T23:42:15.339402+00:00	01b6cc27-2440-46a0-a4be-cbb284aa3710	2021-11-02 23:42:15.339402+00:00	6169c82f761da24792b92751	
162	3.7039	9.9355	4.8629999999999995	7.7482	8.8579	8.7294	10.8394	9.6017	6.3778	9.7242	1.119	9.8642	7.5379000000000005	6.8622	9.2569	9.171	7.8468	9.7979	217000.0	2021-11-02T23:42:15.360116+00:00	e013f3b2-97df-43f6-8e9d-7ee9640e39c2	2021-11-02 23:42:15.360116+00:00	6169c82f761da24792b92751	
163	10.1445	2.1165	5.5071	6.0432	3.4277	1.7595	6.1218	3.4789	10.369	9.5702	5.2606	4.3977	4.3225999999999996	7.931	8.5496	10.4179	4.4335	3.4779	570000.0	2021-11-02T23:42:15.379874+00:00	21931276-b71a-490b-9045-c952021b2cb9	2021-11-02 23:42:15.379874+00:00	6169c82f761da24792b92751	
164	2.8174	2.7735000000000003	7.0341	4.1202	7.8347	10.4171	7.8359000000000005	1.5522	4.1842	3.2421	10.865	3.1965	2.616	3.7862999999999998	1.7421	3.9993	3.7925	3.8806000000000003	570000.0	2021-11-02T23:42:15.401220+00:00	11c97f18-01fd-47ee-881f-762342867992	2021-11-02 23:42:15.401220+00:00	6169c82f761da24792b92751	
165	2.9842	4.8748000000000005	8.6562	3.6924	4.3144	8.7188	8.1068	3.7143	5.7785	6.8209	10.0221	6.3943	3.1964	2.8495	2.8293	2.0662	7.7684	9.237	570000.0	2021-11-02T23:42:15.422455+00:00	6ef4524e-b88f-427d-8c50-212a4b32eaff	2021-11-02 23:42:15.422455+00:00	6169c82f761da24792b92751	
166	4.5533	7.8889	9.9431	5.9925	7.8468	1.694	4.0626	9.0714	2.8108	8.959	7.4841	9.8839	8.272	7.5035	8.6939	10.0835	5.5579	5.8758	570000.0	2021-11-02T23:42:15.442832+00:00	167619e7-1733-428d-bb94-4d7932d9f08d	2021-11-02 23:42:15.442832+00:00	6169c82f761da24792b92751	
167	6.0235	4.5158000000000005	4.8554	2.251	3.4237	8.9327	10.1218	9.3992	8.9189	10.8345	6.5845	7.3849	5.3917	1.7127	9.8634	7.4853	9.9086	6.2247	570000.0	2021-11-02T23:42:15.465378+00:00	51a05a41-dd9a-4865-be80-1f430fc28539	2021-11-02 23:42:15.465378+00:00	6169c82f761da24792b92751	
168	1.8697	8.994299999999999	9.1313	7.955	2.0119	2.7043	9.3197	10.5243	6.0757	1.5288	4.9048	2.31	2.8278	6.7621	10.1852	6.3656	3.7115	5.5818	570000.0	2021-11-02T23:42:15.486443+00:00	472ee5ed-a50d-4620-b546-92f4f020f762	2021-11-02 23:42:15.486443+00:00	6169c82f761da24792b92751	
169	3.8356	8.042300000000001	6.5678	4.0825	4.3431	8.3285	3.7761	4.5294	6.2212	1.2418	1.3136	8.2999	10.5536	7.8217	2.857	6.6878	1.155	10.4276	770000.0	2021-11-02T23:42:15.506799+00:00	087ac250-f7ab-4dd0-877b-30e8587da6f6	2021-11-02 23:42:15.506799+00:00	6169c82f761da24792b92751	
170	6.8407	9.211500000000001	2.166	8.791	2.6424000000000003	2.6061	2.9841	7.558	7.6218	7.8706	2.8387000000000002	8.3358	4.6941	5.945	1.0694	2.5773	3.7454	3.2794	570000.0	2021-11-02T23:42:15.526690+00:00	0e193d80-06fd-433e-a7b4-89c3dc635e5f	2021-11-02 23:42:15.526690+00:00	6169c82f761da24792b92751	
171	10.5354	7.6151	6.8446	10.4295	8.4883	9.1194	2.7189	1.052	10.7879	3.7031	1.4898	4.9393	8.600999999999999	4.1767	1.4311	7.1096	2.3495	6.5425	770000.0	2021-11-02T23:42:15.545302+00:00	627f3cd4-4f91-427b-af41-1daccbd7a1f7	2021-11-02 23:42:15.545302+00:00	6169c82f761da24792b92751	
172	9.8379	1.8556	5.2455	8.7843	3.9405	9.7392	6.88	6.6103000000000005	4.2077	4.1814	8.3469	3.5507	5.1892	7.3461	2.1722	8.6655	8.0517	4.0592	570000.0	2021-11-02T23:42:15.564803+00:00	854fc030-d544-4fa9-adc1-10411aa5ffad	2021-11-02 23:42:15.564803+00:00	6169c82f761da24792b92751	
173	6.4396	4.6885	8.8698	6.3479	3.091	9.3169	2.1027	10.9241	5.3091	6.7862	6.9893	8.0246	10.4194	3.3019	5.7308	10.3188	6.7789	5.6088000000000005	770000.0	2021-11-02T23:42:15.583214+00:00	6675822f-4031-4c95-a9ae-e7a8a141fd11	2021-11-02 23:42:15.583214+00:00	6169c82f761da24792b92751	
174	9.3567	2.2766	7.9945	5.6349	7.8833	2.4796	1.2516	3.8854	9.7668	2.7997	1.2986	4.8225999999999996	6.3724	6.497	9.2446	8.9301	8.5417	5.6457	217000.0	2021-11-02T23:42:15.603576+00:00	2bd7fa0a-9d14-44fb-a52f-11bab1c3b5f7	2021-11-02 23:42:15.603576+00:00	6169c82f761da24792b92751	
175	1.0578	4.6224	6.7476	4.3497	5.2009	6.1064	10.3002	4.5032	7.9969	4.4947	2.758	3.9341	1.8584	2.9176	7.4626	8.9025	4.6836	7.0044	570000.0	2021-11-02T23:42:15.624851+00:00	72c798e5-cd70-4e4b-8cba-e4d7f6355a28	2021-11-02 23:42:15.624851+00:00	6169c82f761da24792b92751	
176	10.7262	10.2168	8.2674	6.7448	6.3448	1.6144	5.1951	3.5587	5.0481	1.863	10.096	10.8599	9.4714	8.6951	4.8191	1.7674	10.975999999999999	7.6387	770000.0	2021-11-02T23:42:15.646089+00:00	6ee519ea-ca6b-4407-b7ca-a729d8ba247c	2021-11-02 23:42:15.646089+00:00	6169c82f761da24792b92751	
177	5.6054	6.2882	6.9142	8.6019	6.2161	1.1611	10.2422	6.7282	4.0773	9.551	2.525	10.9159	3.886	9.2406	9.2085	1.0932	1.0953	7.5799	570000.0	2021-11-02T23:42:15.667445+00:00	e5065f63-ad73-48ea-8705-a5989f8cf2ba	2021-11-02 23:42:15.667445+00:00	6169c82f761da24792b92751	
178	1.8479999999999999	5.0708	8.955	1.8595000000000002	2.3588	10.1711	1.1743999999999999	8.008	5.9787	8.5874	8.1305	3.9922	8.6437	5.9126	5.8772	3.4837	1.3946	10.1033	770000.0	2021-11-02T23:42:15.687824+00:00	f5a4f55a-c9fa-44f0-9220-bacd0216163f	2021-11-02 23:42:15.687824+00:00	6169c82f761da24792b92751	
179	8.6123	6.1165	3.7527	4.9063	10.6481	4.6759	3.1469	5.6156	8.6781	1.3286	5.6033	10.5593	3.6129	5.4004	8.2261	6.4071	2.628	10.9333	570000.0	2021-11-02T23:42:15.706902+00:00	f345563c-6d36-4257-aa97-e034b4b45c4c	2021-11-02 23:42:15.706902+00:00	6169c82f761da24792b92751	
180	6.8004999999999995	7.6408000000000005	10.2299	4.7235	6.3585	7.8163	1.8259	8.725999999999999	1.5265	8.4475	10.3743	1.0962	3.7906	1.8444	6.0795	1.1123	9.5493	10.7782	570000.0	2021-11-02T23:42:15.725619+00:00	37a49ab4-048c-43a3-807a-f4655119761d	2021-11-02 23:42:15.725619+00:00	6169c82f761da24792b92751	
181	6.8905	1.1602000000000001	3.4502	8.3173	10.8071	10.096	5.2811	7.9642	2.3223000000000003	1.9142000000000001	1.3313000000000001	4.655	3.6374	3.6466000000000003	8.3759	5.9932	5.3954	6.8159	217000.0	2021-11-02T23:42:15.750122+00:00	648e3380-454b-430d-9cce-477e85de7d79	2021-11-02 23:42:15.750122+00:00	6169c82f761da24792b92751	
182	4.2755	7.2602	4.1591000000000005	10.7969	4.4489	3.5586	5.0923	5.8987	3.9612	3.063	8.0929	3.2676	5.1392	9.882200000000001	4.4754000000000005	4.9786	3.5232	7.8222000000000005	570000.0	2021-11-02T23:42:15.772131+00:00	5288bcac-db5e-4253-9895-308911a82061	2021-11-02 23:42:15.772131+00:00	6169c82f761da24792b92751	
183	6.1304	10.0149	7.5121	2.8131	1.4239	6.0745	7.5269	9.8932	4.3493	3.7298	8.9039	10.8604	3.4076	3.3216	8.0328	5.7736	10.2296	1.3088	570000.0	2021-11-02T23:42:15.791169+00:00	03de9a93-ef7f-441d-9090-0d3ca972e425	2021-11-02 23:42:15.791169+00:00	6169c82f761da24792b92751	
184	7.3582	6.2206	10.9144	6.1495	4.8471	10.6108	5.7452000000000005	10.4013	5.0363	10.5599	9.6813	9.4934	6.3857	1.2366	10.3717	3.9923	3.4941	1.4937	570000.0	2021-11-02T23:42:15.813010+00:00	705ea2f7-c7df-4dc8-92c2-c26f339a0058	2021-11-02 23:42:15.813010+00:00	6169c82f761da24792b92751	
185	2.2595	3.4836	8.2818	7.1097	8.603	1.8571	1.0735999999999999	4.9309	9.525	2.3334	10.7855	1.9821	2.5926	6.4105	4.0095	6.2913	4.0854	7.4263	570000.0	2021-11-02T23:42:15.835730+00:00	8bf55c33-fed8-4c9e-9061-6a62fe0a5671	2021-11-02 23:42:15.835730+00:00	6169c82f761da24792b92751	
186	7.049	1.3267	9.0362	4.3118	9.5877	2.7099	9.8627	7.602	6.5826	1.1116	4.0168	1.1123	10.0626	10.9142	1.155	9.5298	1.6692	2.0335	770000.0	2021-11-02T23:42:15.855514+00:00	050eb40d-4d4a-40ce-b5ab-ccf93e692d3a	2021-11-02 23:42:15.855514+00:00	6169c82f761da24792b92751	
187	10.3541	4.2765	1.3356	7.1627	7.7075	4.0619	5.843	5.9304	3.741	7.2828	7.5563	2.1011	1.8613	3.3539	4.6875	8.2599	10.3041	1.463	570000.0	2021-11-02T23:42:15.879129+00:00	df869623-674f-42d4-a0c5-49479eb35632	2021-11-02 23:42:15.879129+00:00	6169c82f761da24792b92751	
188	2.5556	1.3936	7.853	1.7837	3.4653	3.8961	8.9086	5.6439	6.3681	5.5451	2.2153	1.4664000000000001	3.4343	5.1345	7.1674	6.8741	1.4294	5.4035	217000.0	2021-11-02T23:42:15.899667+00:00	427b4634-2e20-4f06-8910-b876f928e250	2021-11-02 23:42:15.899667+00:00	6169c82f761da24792b92751	
189	7.5488	5.9713	2.9565	10.9423	6.1684	6.7811	5.444	1.8017	4.5657	2.8544	7.1607	3.8642000000000003	2.2753	6.5369	10.615	9.2846	8.5221	5.4879999999999995	570000.0	2021-11-02T23:42:15.921056+00:00	91b8c4b6-7f47-4c5f-9a26-945d3e78e518	2021-11-02 23:42:15.921056+00:00	6169c82f761da24792b92751	
190	7.4219	7.9195	4.6561	6.4131	1.5945	6.4546	1.238	2.2822	7.9931	8.9238	4.351	3.8289	7.103	8.1092	1.0902	4.0984	7.1704	3.3407	570000.0	2021-11-02T23:42:15.940730+00:00	a8516cdc-b4e6-4da5-b5bd-87762651a8b1	2021-11-02 23:42:15.940730+00:00	6169c82f761da24792b92751	
191	8.7686	1.5883	6.0939	10.0289	1.6555	8.562	10.9408	7.6813	9.8206	7.9465	10.5162	4.3971	8.9981	9.2285	7.2068	6.2079	2.4292	1.5829	770000.0	2021-11-02T23:42:15.959578+00:00	dfc4c218-5b7b-416a-ac26-2b5c0cb8c610	2021-11-02 23:42:15.959578+00:00	6169c82f761da24792b92751	
192	5.2435	4.3204	8.0186	3.0269	7.2291	2.9695	2.3878	6.6083	9.0666	3.5444	7.0135	4.7576	8.6098	4.1079	3.178	10.5348	4.5897	10.6687	770000.0	2021-11-02T23:42:15.979561+00:00	df7f57da-89d9-427a-a90a-f24f828293a5	2021-11-02 23:42:15.979561+00:00	6169c82f761da24792b92751	
193	4.6484	1.8483	3.1574	8.2353	2.1705	10.3722	7.1797	4.5876	4.0276	8.1889	2.0531	6.1478	7.5120000000000005	8.7731	10.9932	2.3693	3.016	2.1414	217000.0	2021-11-02T23:42:16.003519+00:00	03b9dd19-db7e-4b0f-8b94-e4adf722a041	2021-11-02 23:42:16.003519+00:00	6169c82f761da24792b92751	
194	4.0849	1.4262000000000001	3.3312	4.5902	6.4976	3.2485	2.2413	1.6769	4.9822	2.416	7.2991	3.3537	4.5515	5.884	3.6699	3.2463	5.1612	4.2913	570000.0	2021-11-02T23:42:16.023710+00:00	aa2d752a-acee-453c-ae32-eb4d7d2c82a5	2021-11-02 23:42:16.023710+00:00	6169c82f761da24792b92751	
195	6.2033	4.1833	8.0526	9.2802	2.564	7.7503	5.0636	4.6523	6.3324	1.1355	4.4677	8.3977	1.4171	9.8108	6.307	10.763300000000001	1.4773	5.4334	570000.0	2021-11-02T23:42:16.045259+00:00	cfded10c-1dd8-4908-9ecc-3ce0a54bed56	2021-11-02 23:42:16.045259+00:00	6169c82f761da24792b92751	
196	7.6058	2.9086	5.3208	10.9541	7.0148	4.2079	9.739	9.2711	4.9577	9.2918	6.0256	7.2976	10.6295	7.3331	6.2757	6.1041	2.4973	4.9649	770000.0	2021-11-02T23:42:16.065120+00:00	03597705-896e-40ae-ab70-0c167af27dcb	2021-11-02 23:42:16.065120+00:00	6169c82f761da24792b92751	
197	5.426	2.6512000000000002	7.0187	4.3633	10.2305	7.0769	4.586	9.3559	10.9483	7.0855	9.0766	7.3062000000000005	6.1565	3.6987	7.4898	2.1958	8.7892	8.3747	570000.0	2021-11-02T23:42:16.087598+00:00	a2953ec5-c379-4a6a-8daf-4fbd8e7277f1	2021-11-02 23:42:16.087598+00:00	6169c82f761da24792b92751	
198	6.912	5.8638	9.2501	2.9274	9.0988	3.6869	4.2283	7.9803	9.8981	9.4425	10.1431	5.9148	4.4777000000000005	2.5649	10.9751	3.049	4.8426	10.3186	570000.0	2021-11-02T23:42:16.107859+00:00	8eff0b88-4972-451d-8582-b065645e663c	2021-11-02 23:42:16.107859+00:00	6169c82f761da24792b92751	
199	8.4037	2.1318	5.09	8.1339	5.8406	1.8308	4.6832	7.2206	8.6095	9.9924	6.5994	4.6411999999999995	7.8572	3.1276	7.2908	3.688	1.1296	9.8434	570000.0	2021-11-02T23:42:16.131194+00:00	e78826dc-0286-47f3-a578-63fbff21c8f5	2021-11-02 23:42:16.131194+00:00	6169c82f761da24792b92751	
200	10.9034	6.6969	2.3386	7.7719000000000005	1.0889	1.6305	2.2325	7.9626	6.8468	2.2191	4.5333	1.8250000000000002	8.2053	4.8654	2.6055	8.13	5.4982	6.2045	570000.0	2021-11-02T23:42:16.151975+00:00	b80390d9-43b7-4b1e-ba55-eb2f5c639ec1	2021-11-02 23:42:16.151975+00:00	6169c82f761da24792b92751	
201	3.179	6.9318	6.1094	4.5657	6.3364	8.7617	4.2287	4.5509	3.0438	1.4975	3.8498	2.0451	1.4575	1.0174	5.6702	4.9144	3.2339	2.9804	570000.0	2021-11-02T23:42:16.172152+00:00	60d6ba5b-5274-47df-8034-29f405d18ed9	2021-11-02 23:42:16.172152+00:00	6169c82f761da24792b92751	
202	3.4348	10.3109	3.0035	3.3236	10.5406	7.9483	9.9375	6.3083	9.29	1.226	3.3624	1.8663	1.8423	4.4917	9.3685	9.7706	1.309	4.1379	570000.0	2021-11-02T23:42:16.193965+00:00	6572bd3d-fc58-405d-9da7-3b4d89483aac	2021-11-02 23:42:16.193965+00:00	6169c82f761da24792b92751	
203	6.562	2.3236	3.7698	1.1154	3.0545	3.7751	10.5252	9.5639	2.0787	6.8806	7.3789	3.5685000000000002	2.5138	4.4053	4.2043	4.2427	9.4896	10.0579	570000.0	2021-11-02T23:42:16.214954+00:00	5501828e-0277-45cf-abae-6d255ea35328	2021-11-02 23:42:16.214954+00:00	6169c82f761da24792b92751	
204	1.046	8.8337	1.397	9.7365	8.1862	6.1204	1.4036	9.8031	3.6938	8.7341	6.0979	3.0401	2.6666	3.0805	5.9809	8.618	2.322	8.8391	570000.0	2021-11-02T23:42:16.234006+00:00	b7bbc4db-911e-4599-81c0-d2b0c8ed2bc0	2021-11-02 23:42:16.234006+00:00	6169c82f761da24792b92751	
205	9.4597	7.1234	7.1508	7.9078	9.9491	10.7838	10.1726	10.9851	3.4904	10.6403	4.2724	2.3	2.6966	3.0705	8.9458	8.8668	8.5925	5.7988	570000.0	2021-11-02T23:42:16.253343+00:00	ab2d61b5-d009-4d7e-863f-58bbe856b74d	2021-11-02 23:42:16.253343+00:00	6169c82f761da24792b92751	
206	2.1275	2.4112999999999998	5.3392	6.7239	10.5101	9.627	7.511	9.1189	10.8425	4.9832	5.8056	7.6435	6.5628	7.9864	3.7133000000000003	8.8937	1.2102	5.3964	570000.0	2021-11-02T23:42:16.272981+00:00	b07daf73-06f5-4a7a-ae8a-29025d9ed1d1	2021-11-02 23:42:16.272981+00:00	6169c82f761da24792b92751	
207	2.2805	6.503	1.995	6.7514	7.2457	4.0601	4.3324	5.2832	5.7778	5.0881	8.3866	3.0393	10.9697	4.435	3.7891	5.8535	3.4067	6.4595	770000.0	2021-11-02T23:42:16.295686+00:00	2f94c7de-0b6b-4de0-9784-ee0a2c229196	2021-11-02 23:42:16.295686+00:00	6169c82f761da24792b92751	
208	5.9342	3.1431	5.2644	3.0691	8.8842	2.6771000000000003	4.5455	5.3889	5.6774000000000004	6.7424	3.2584	8.7525	2.0672	2.4667	2.5165	10.6109	7.8825	10.6011	570000.0	2021-11-02T23:42:16.315269+00:00	70298178-0284-4463-8d90-ccb148ed0cdd	2021-11-02 23:42:16.315269+00:00	6169c82f761da24792b92751	
209	8.3467	4.0216	6.4742	1.4559	1.2139	7.9042	5.9484	1.3253	7.5247	4.348	5.1872	6.1359	4.1345	1.9453	3.1115	6.983	6.4215	6.3514	570000.0	2021-11-02T23:42:16.334963+00:00	34d7007e-eaac-496e-b59f-714a96a94fd5	2021-11-02 23:42:16.334963+00:00	6169c82f761da24792b92751	
210	3.9922	2.1206	4.5197	3.825	10.7163	10.41	10.3653	3.4787	1.9255	2.0598	6.1562	4.0478	7.1641	10.5666	8.9668	2.36	8.8782	9.8482	570000.0	2021-11-02T23:42:16.354816+00:00	970578dd-6535-4101-a6ec-3a275c69d781	2021-11-02 23:42:16.354816+00:00	6169c82f761da24792b92751	
211	8.1287	3.9481	2.4432	8.6322	10.3147	2.6647	1.3834	8.6278	4.0692	1.7682	10.1122	4.6422	5.8407	7.267	3.1125	6.5374	7.2364	3.0935	570000.0	2021-11-02T23:42:16.373615+00:00	f86a4b1e-1844-4b65-9171-d82a8ce78a99	2021-11-02 23:42:16.373615+00:00	6169c82f761da24792b92751	
212	10.4649	9.4275	9.7833	7.6277	8.9418	9.8561	5.7556	5.9179	9.7389	1.7878	4.2013	9.658	8.7248	6.3326	2.9141	5.4232	3.8499	1.0419	770000.0	2021-11-02T23:42:16.393796+00:00	d25b6397-f55f-458e-ab95-36dde774738c	2021-11-02 23:42:16.393796+00:00	6169c82f761da24792b92751	
213	6.2796	5.9486	4.6902	7.0059	3.7829	4.2956	6.4851	1.8119	3.5588	6.2518	1.8575	10.0606	7.8531	3.9852	7.4364	4.6562	8.869299999999999	10.1614	217000.0	2021-11-02T23:42:16.415060+00:00	59d6a8a6-42a9-4cd7-aa24-967caf0aeed6	2021-11-02 23:42:16.415060+00:00	6169c82f761da24792b92751	
214	5.0745	7.8406	6.9304	3.0218	3.5732	2.782	10.1883	9.7653	7.2177	6.0991	1.5173999999999999	7.5366	10.1736	10.3359	10.9845	5.231	9.1938	8.0737	770000.0	2021-11-02T23:42:16.435994+00:00	15b98441-e822-43ea-a597-c31e0a78f2f8	2021-11-02 23:42:16.435994+00:00	6169c82f761da24792b92751	
215	5.6658	10.1996	5.5085	2.8422	7.627	10.198	8.4436	10.7973	6.9254999999999995	10.4213	5.4277	1.2892000000000001	5.9485	6.4799	8.6422	5.3801	4.8339	10.4019	570000.0	2021-11-02T23:42:16.455583+00:00	a41c2cf3-094a-4472-83ab-533d7f4120b7	2021-11-02 23:42:16.455583+00:00	6169c82f761da24792b92751	
216	4.5036000000000005	10.4157	3.9787	3.7856	1.7406000000000001	1.7633	8.6293	2.1123	10.9139	4.2613	10.3445	5.371	1.3074	3.977	10.8412	3.3407	8.3939	4.2765	570000.0	2021-11-02T23:42:16.478180+00:00	3c9d3725-56ad-45da-8e74-d5aaf1d6d75e	2021-11-02 23:42:16.478180+00:00	6169c82f761da24792b92751	
217	10.3095	5.5633	10.3109	10.592	1.4405000000000001	9.5025	6.496	4.5949	3.2453	10.9239	8.2784	5.2785	8.0444	10.6384	2.0506	7.4878	2.5894	2.773	570000.0	2021-11-02T23:42:16.500839+00:00	bb3667dc-c121-4bb5-87ab-1c1baa93d917	2021-11-02 23:42:16.500839+00:00	6169c82f761da24792b92751	
218	8.7171	4.3216	5.8961	2.539	1.0177	4.3323	2.4822	7.7716	3.3862	3.9542	5.628	8.8586	9.0931	10.7573	3.8256	4.7344	2.0659	7.74	770000.0	2021-11-02T23:42:16.523116+00:00	99ee4668-06d7-4cbd-8226-e5d6487f4470	2021-11-02 23:42:16.523116+00:00	6169c82f761da24792b92751	
219	7.7985	8.9513	3.4496	4.5100999999999996	9.65	6.8148	9.3974	2.479	2.4576000000000002	10.9908	2.9913	9.2753	2.8558	1.0438	7.5462	2.1407	8.0648	1.2969	570000.0	2021-11-02T23:42:16.545538+00:00	0cc2649d-248e-470a-b755-b67199542965	2021-11-02 23:42:16.545538+00:00	6169c82f761da24792b92751	
220	7.1939	10.2194	7.1399	7.2101	4.633	1.8298	2.8721	10.1049	6.2987	9.8737	5.2141	2.955	2.1622	8.6099	7.8897	8.3879	7.6136	2.4389	570000.0	2021-11-02T23:42:16.566522+00:00	9558d0f2-1f42-4962-89d5-af0c47334c8a	2021-11-02 23:42:16.566522+00:00	6169c82f761da24792b92751	
221	7.0534	3.2927	10.8054	10.1451	5.2042	6.0952	10.4322	6.4984	9.5411	1.1306	6.4884	2.1241	6.8093	10.775	5.3412	2.8518	2.3475	10.4774	570000.0	2021-11-02T23:42:16.586266+00:00	2e99a5d9-51ce-44b7-bf91-701b66f1c136	2021-11-02 23:42:16.586266+00:00	6169c82f761da24792b92751	
222	7.1465	2.2078	2.6852	7.793	2.7655000000000003	5.398	7.7018	8.4667	7.215	7.8914	9.0611	5.3609	7.3115	4.8505	6.8345	10.9858	7.8847000000000005	3.5154	570000.0	2021-11-02T23:42:16.605239+00:00	3718ec8f-dc73-43c0-a0d2-f5981751d34a	2021-11-02 23:42:16.605239+00:00	6169c82f761da24792b92751	
223	7.2007	9.0503	9.776299999999999	1.8374000000000001	9.0949	7.9704	5.7288	10.1126	7.5236	9.7986	6.4667	1.6184	9.8276	9.6236	5.4889	5.7305	9.4029	10.4649	770000.0	2021-11-02T23:42:16.626060+00:00	7e117a99-d2d9-4274-bc66-881c21e0d09f	2021-11-02 23:42:16.626060+00:00	6169c82f761da24792b92751	
224	2.7932	8.8378	3.8187	6.0047	8.6457	1.7554	10.6667	8.3813	1.4759	3.0746	2.2808	5.9067	9.7685	9.8398	10.5046	1.9432	5.0893	6.1775	770000.0	2021-11-02T23:42:16.647835+00:00	9aded54b-0656-4036-ae52-46cd5410528a	2021-11-02 23:42:16.647835+00:00	6169c82f761da24792b92751	
225	5.6109	3.2883	1.3937	7.8426	1.5881	4.6171	6.8818	3.1475	10.0018	6.0807	4.3853	2.2236000000000002	3.3678	9.5078	1.8374000000000001	6.7733	7.4973	6.3463	570000.0	2021-11-02T23:42:16.667787+00:00	f3092863-dd0f-4898-856f-ed1b046c1af2	2021-11-02 23:42:16.667787+00:00	6169c82f761da24792b92751	
226	6.5535	8.7814	6.5665	5.9941	3.0251	6.5707	5.1629	3.2424	6.8505	4.2059	2.3714	1.102	1.8746	2.295	9.9736	3.8223000000000003	7.2383	9.12	217000.0	2021-11-02T23:42:16.687778+00:00	3e4f9ee0-4c8b-4211-bc11-3f7967f75a85	2021-11-02 23:42:16.687778+00:00	6169c82f761da24792b92751	
227	9.3897	5.3539	3.0342	1.1172	4.9509	7.5472	1.6456	8.1845	1.9	8.2407	1.6852	2.668	4.7602	4.5462	10.3128	1.135	10.8038	6.09	217000.0	2021-11-02T23:42:16.706553+00:00	59052862-8162-4a89-95ff-5957a937affe	2021-11-02 23:42:16.706553+00:00	6169c82f761da24792b92751	
228	8.0953	7.828	5.8938	3.4273	4.7301	9.9589	7.0115	8.1123	4.6746	4.3659	8.838	5.6975	9.1626	10.1447	9.4958	3.4385	1.7478	5.7329	770000.0	2021-11-02T23:42:16.726508+00:00	1e7ec257-94b4-42ba-bcca-30504b2cc5e2	2021-11-02 23:42:16.726508+00:00	6169c82f761da24792b92751	
229	10.5436	2.1927	8.9049	7.1493	2.4056	10.5589	8.1926	10.6624	1.6311	1.4897	1.6376	4.0713	4.9254999999999995	9.0226	3.3173	9.7038	1.7681	4.9174	217000.0	2021-11-02T23:42:16.747679+00:00	96108950-c438-45c4-bd70-8a5ae1e8bf8e	2021-11-02 23:42:16.747679+00:00	6169c82f761da24792b92751	
230	9.7534	2.3278	9.9353	4.1957	8.1059	1.2362	9.9327	4.9937000000000005	9.0244	10.1382	5.8068	5.3102	1.4564	6.1024	1.2216	6.2469	9.8578	2.7077999999999998	570000.0	2021-11-02T23:42:16.767698+00:00	8eaefe6e-8a3b-437b-98ae-a82d3dfb36d9	2021-11-02 23:42:16.767698+00:00	6169c82f761da24792b92751	
231	7.5241	9.7581	6.7742	5.3296	8.1322	3.3489	3.7766	4.3747	1.4247	3.2697	3.6318	7.3323	10.2638	2.5897	1.2916	8.0068	8.0524	3.4526	770000.0	2021-11-02T23:42:16.788885+00:00	bd7ce8f3-86f6-4409-802f-f19def849e44	2021-11-02 23:42:16.788885+00:00	6169c82f761da24792b92751	
232	8.229800000000001	5.0492	3.8571	5.2364	2.3118	4.0413	1.0953	8.5093	8.3118	4.7352	5.5916	6.9684	6.3194	8.0882	7.0389	7.4352	5.4363	10.6226	570000.0	2021-11-02T23:42:16.807210+00:00	9ab4874d-14b4-4be5-b67c-cd3cf8794991	2021-11-02 23:42:16.807210+00:00	6169c82f761da24792b92751	
233	8.9261	1.0872	1.5878	10.5083	2.6857	1.779	9.9885	9.2806	3.7291	6.3025	1.3581	5.3297	6.4395	2.9278	6.3195	2.8393	10.7151	2.7176	217000.0	2021-11-02T23:42:16.828036+00:00	f769b135-b5be-4ad2-a244-cc9894cf7f18	2021-11-02 23:42:16.828036+00:00	6169c82f761da24792b92751	
234	7.8648	1.6985000000000001	9.96	3.7331000000000003	2.0298	9.8619	5.459	2.4535	7.5816	10.1984	7.9388000000000005	10.2883	10.0318	1.0596	1.9020000000000001	5.6424	1.7921	1.3374000000000001	770000.0	2021-11-02T23:42:16.848939+00:00	63a58066-e974-4ab9-9cf4-eaa9b0d7b48a	2021-11-02 23:42:16.848939+00:00	6169c82f761da24792b92751	
235	4.6395	8.1278	9.6808	8.1717	2.4931	7.2865	8.3562	1.772	10.1465	5.789	1.1362	5.2507	9.2711	4.8786000000000005	8.3895	4.9135	8.0228	2.8156	770000.0	2021-11-02T23:42:16.869909+00:00	a959c4c0-46f4-4531-bc0a-d3460b0ac3fd	2021-11-02 23:42:16.869909+00:00	6169c82f761da24792b92751	
236	7.468	8.1407	2.7788	1.0652	6.9307	7.4806	10.1006	6.4836	3.8548999999999998	4.8903	3.3171	3.4666	7.8304	10.9992	4.8138000000000005	5.7164	5.0616	7.4834	570000.0	2021-11-02T23:42:16.896040+00:00	37b276c8-e3b4-4c34-9a03-d87d918f788f	2021-11-02 23:42:16.896040+00:00	6169c82f761da24792b92751	
237	3.7067	6.0777	6.9938	6.5024	9.786200000000001	10.0043	3.0405	2.1433	6.1496	2.1044	8.1283	9.1412	2.4588	4.4957	2.9916	6.4567	8.0065	10.1379	570000.0	2021-11-02T23:42:16.917729+00:00	650e7464-23c1-46a0-84fe-4e45ca23043a	2021-11-02 23:42:16.917729+00:00	6169c82f761da24792b92751	
238	3.2716	8.0823	1.3603	8.5626	3.4514	5.6181	9.8582	3.588	10.8075	6.7051	6.9337	4.9691	10.7485	2.0696	9.465	10.7106	4.2941	5.8836	770000.0	2021-11-02T23:42:16.938110+00:00	f331cbc2-8130-49e5-9359-009a21122dc0	2021-11-02 23:42:16.938110+00:00	6169c82f761da24792b92751	
239	7.3762	8.489	6.8774	9.8976	1.2758	6.2761	3.9553000000000003	7.5638000000000005	7.3431	8.506499999999999	6.0103	10.4286	8.5275	2.3621	2.8076	8.4774	6.0725	4.327	770000.0	2021-11-02T23:42:16.959615+00:00	1f8f74b4-b910-4319-af39-d659b08a547d	2021-11-02 23:42:16.959615+00:00	6169c82f761da24792b92751	
240	5.5501000000000005	4.6117	7.0055	5.4559	6.5268	2.6611000000000002	1.429	6.7917000000000005	9.5657	1.9736	6.4339	3.9413	1.7151	3.7126	7.5426	1.7577	3.8278	8.0109	570000.0	2021-11-02T23:42:16.979190+00:00	b18939ed-240f-4748-94b4-b65384027c34	2021-11-02 23:42:16.979190+00:00	6169c82f761da24792b92751	
241	10.7965	5.6111	9.7513	5.8772	4.3298	6.1614	5.9216	8.6857	4.4379	6.6469000000000005	7.5158000000000005	4.4421	2.5267	8.229	10.32	1.263	8.8049	9.8919	570000.0	2021-11-02T23:42:16.997262+00:00	97c394f0-b2db-4034-9bb5-121034d5f729	2021-11-02 23:42:16.997262+00:00	6169c82f761da24792b92751	
242	3.5396	7.4774	5.87	8.107	6.5165	6.4054	9.6652	2.1626	7.971	2.6256	10.4353	4.4248	9.5035	7.8019	6.1656	3.7193	7.7048	3.4135	770000.0	2021-11-02T23:42:17.016015+00:00	85117e5a-8145-4f2f-a68a-22444afec686	2021-11-02 23:42:17.016015+00:00	6169c82f761da24792b92751	
243	9.8837	4.6414	1.0727	10.6857	1.9315	8.9853	1.3873	5.4228	8.6259	9.7018	7.2679	8.6208	10.6636	7.2053	5.3031	3.2416	8.845	7.2124	770000.0	2021-11-02T23:42:17.035252+00:00	9f14af8f-907d-4e48-b057-a4d5e7820587	2021-11-02 23:42:17.035252+00:00	6169c82f761da24792b92751	
244	4.7058	8.2908	3.6593999999999998	6.3659	2.3592	1.099	3.8733	7.4261	2.5788	10.2712	9.8338	2.5329	9.786200000000001	9.4563	1.3528	2.2161	7.8416	10.0231	770000.0	2021-11-02T23:42:17.056734+00:00	404aacfc-9816-4a47-ae8b-286fb29ac64b	2021-11-02 23:42:17.056734+00:00	6169c82f761da24792b92751	
245	4.6088000000000005	10.8604	2.1607	9.2919	7.5881	10.6661	4.9136	7.8085	4.4193999999999996	9.9189	6.3797	8.0757	3.3504	7.0627	2.1591	3.9213	3.3296	8.1499	570000.0	2021-11-02T23:42:17.078392+00:00	662d0ba2-dcb5-4563-9161-c04d59adfc40	2021-11-02 23:42:17.078392+00:00	6169c82f761da24792b92751	
246	6.1361	7.6484	3.3134	4.2406	1.0236	6.5016	10.8479	4.0302	10.0793	3.1212	8.2243	3.8275	1.6809	9.82	8.478	2.015	7.3963	8.736	570000.0	2021-11-02T23:42:17.100513+00:00	3f6efd29-d930-4716-9a9e-e7368bc68e9b	2021-11-02 23:42:17.100513+00:00	6169c82f761da24792b92751	
247	8.3494	3.9696	2.9187000000000003	6.8319	10.8117	8.1227	9.0092	1.8778000000000001	5.7432	2.2175	8.9815	3.1011	2.6697	6.9466	4.6928	3.1207	1.2203	9.4096	570000.0	2021-11-02T23:42:17.121492+00:00	54afd987-5461-489d-bed5-88d305613ab1	2021-11-02 23:42:17.121492+00:00	6169c82f761da24792b92751	
248	6.4591	2.6461	2.9605	6.1828	5.2543	10.0769	4.605	10.3484	3.3593	8.5334	5.1542	3.4605	3.3749000000000002	2.8976	7.3731	3.5876	5.7379	1.7594	570000.0	2021-11-02T23:42:17.144710+00:00	cf56433d-c93c-4bce-851a-1039e35577c8	2021-11-02 23:42:17.144710+00:00	6169c82f761da24792b92751	
249	2.9782	6.7641	5.8521	4.8058	1.702	8.9343	5.5327	5.6095	4.2076	5.7287	5.7935	2.5257	9.8442	6.9651	4.1892	8.3587	9.987	2.9858000000000002	770000.0	2021-11-02T23:42:17.165089+00:00	ffb6c6ad-a5e1-4b9a-939e-e3e9d6c1c381	2021-11-02 23:42:17.165089+00:00	6169c82f761da24792b92751	
250	6.7175	1.4237	6.8818	10.0946	10.2016	4.4216	7.7178	1.4471	3.2559	3.5067	1.1559	10.1703	10.3888	3.1151	10.9479	10.5748	8.763	9.1555	770000.0	2021-11-02T23:42:17.187205+00:00	62a48113-0fa5-4982-86f6-e3261e5f136c	2021-11-02 23:42:17.187205+00:00	6169c82f761da24792b92751	
251	4.081	1.8709	2.9631	9.0986	7.5384	4.2047	1.5591	9.7541	10.8453	2.8645	8.9403	10.5416	8.5758	3.8209	8.8512	6.1268	7.4421	6.6581	770000.0	2021-11-02T23:42:17.215538+00:00	aaad4ef4-3927-4e87-a97e-4ff60d866e44	2021-11-02 23:42:17.215538+00:00	6169c82f761da24792b92751	
252	9.5517	2.3303000000000003	2.7779	5.6673	5.6783	5.9432	4.3622	9.2438	10.661200000000001	8.6916	9.9328	1.3157	10.91	6.2721	9.8377	6.6954	10.6904	8.206	770000.0	2021-11-02T23:42:17.239034+00:00	bd95edb8-98c6-4836-bfa8-245f1d1ee083	2021-11-02 23:42:17.239034+00:00	6169c82f761da24792b92751	
253	8.706900000000001	9.617	9.1186	10.3301	2.5747	4.6175	5.4005	5.4785	10.0672	7.7867	6.8332	9.9492	3.5705	10.5588	9.8954	8.5922	7.2929	3.9753	570000.0	2021-11-02T23:42:17.258210+00:00	a8ea1ac5-62d4-409d-891c-454c57f88677	2021-11-02 23:42:17.258210+00:00	6169c82f761da24792b92751	
254	9.3776	8.707699999999999	4.0461	4.1331	8.5687	7.5742	9.2016	3.2731	5.9671	7.6951	5.3151	9.9449	8.2441	6.1707	7.1403	2.5132	10.1388	7.471	570000.0	2021-11-02T23:42:17.278054+00:00	113dbbbd-f9dc-452d-ab0e-5343c21a752c	2021-11-02 23:42:17.278054+00:00	6169c82f761da24792b92751	
255	3.3615	5.9201	5.9985	9.514	2.0349	4.7833	8.7511	10.4201	4.5932	5.4287	3.3135	7.9241	10.7523	6.8367	10.5052	9.2486	2.2373	5.4295	770000.0	2021-11-02T23:42:17.298203+00:00	0fa35bd7-a355-4fbc-a213-850d85d6e91a	2021-11-02 23:42:17.298203+00:00	6169c82f761da24792b92751	
256	6.7143	3.9434	1.8281	7.1638	5.4753	8.9004	4.3653	6.8004	8.1495	4.326	3.1474	1.2917	7.3978	8.3615	8.8953	1.5779999999999998	5.9204	7.0534	570000.0	2021-11-02T23:42:17.320164+00:00	2fa4d69d-3637-4dcb-abd1-c504b710822e	2021-11-02 23:42:17.320164+00:00	6169c82f761da24792b92751	
257	6.9435	4.4249	10.7302	2.2644	2.2042	2.1991	1.8286	2.274	3.1138	6.2999	6.5576	7.3746	2.106	5.3146	8.9032	3.5332	1.6153	10.5012	570000.0	2021-11-02T23:42:17.340624+00:00	e88006bb-eec7-44bc-ad8a-1390b5926855	2021-11-02 23:42:17.340624+00:00	6169c82f761da24792b92751	
258	4.6906	2.9822	8.9216	7.7249	5.7446	1.2166000000000001	4.0293	5.8228	5.035	8.4015	1.5448	2.5961	10.6132	7.7756	7.8342	10.0625	4.6165	6.8599	770000.0	2021-11-02T23:42:17.360122+00:00	e30f969b-9a13-4d83-bb9e-d8823b6f4a53	2021-11-02 23:42:17.360122+00:00	6169c82f761da24792b92751	
259	5.5293	4.1105	3.6949	10.4096	6.9499	7.123	1.5495999999999999	8.6718	10.2392	5.411	3.3037	9.4422	2.939	10.3995	10.055	2.2247	5.6212	9.2081	570000.0	2021-11-02T23:42:17.380807+00:00	05d84225-12fa-4e66-8ec1-6d09582eca89	2021-11-02 23:42:17.380807+00:00	6169c82f761da24792b92751	
260	6.485	5.561	7.0537	4.6454	4.361	1.2272	9.282399999999999	1.4889999999999999	2.2696	4.7501	6.8817	4.6091	5.3007	9.4933	7.5541	1.4569	2.0034	6.0693	570000.0	2021-11-02T23:42:17.401202+00:00	e7a4d971-137f-4192-9818-c1853ea45da1	2021-11-02 23:42:17.401202+00:00	6169c82f761da24792b92751	
261	1.7174	7.2369	7.0205	10.7013	8.837	2.4509	4.084	9.2849	3.41	1.2503	2.4908	3.6630000000000003	5.6559	1.0459	10.9101	4.1865	2.2201	6.6109	217000.0	2021-11-02T23:42:17.419973+00:00	dba8145f-af01-4589-adb7-9c70752d25f9	2021-11-02 23:42:17.419973+00:00	6169c82f761da24792b92751	
262	7.7309	9.7499	10.0451	8.0271	6.1689	6.4091000000000005	1.4327	9.3073	1.5264	9.6045	6.9079	2.5855	10.6287	5.8765	9.575	4.8731	4.7985	6.7958	770000.0	2021-11-02T23:42:17.438902+00:00	3b7d343d-46c6-40cf-98fd-ccb0d9817077	2021-11-02 23:42:17.438902+00:00	6169c82f761da24792b92751	
263	6.8831	3.7434000000000003	4.5701	9.2117	8.8638	3.5292	5.9824	3.1433	4.6985	9.9369	3.0496	1.1781	2.3052	5.1364	1.6521	7.1539	4.6834	9.9504	570000.0	2021-11-02T23:42:17.461461+00:00	4d67df23-76b8-4e5b-aa19-ac1a1d3dc35f	2021-11-02 23:42:17.461461+00:00	6169c82f761da24792b92751	
264	6.9136	5.2727	2.4242	10.0811	2.3278	6.4805	7.8217	3.3091	2.6304	2.6992000000000003	1.9857	6.073	4.9929	5.1261	4.3669	1.6751	3.5728	6.68	217000.0	2021-11-02T23:42:17.481652+00:00	c74a6691-5407-4902-a3ae-6c680e4c50c1	2021-11-02 23:42:17.481652+00:00	6169c82f761da24792b92751	
265	9.6882	9.7799	9.8027	7.0901	3.5261	5.1544	9.1517	5.1184	4.9357	5.2929	1.9605000000000001	6.2664	5.2194	6.5792	3.4462	7.5421	10.6338	9.9828	217000.0	2021-11-02T23:42:17.506691+00:00	130375c8-efdb-4185-9253-5b238c7639c7	2021-11-02 23:42:17.506691+00:00	6169c82f761da24792b92751	
266	6.7317	9.6582	8.537700000000001	10.2544	4.9348	7.9116	3.379	3.6149	8.5524	10.9978	5.7595	8.4938	10.1644	2.5575	3.4226	4.5985	9.451	4.6263000000000005	770000.0	2021-11-02T23:42:17.528884+00:00	1df44aea-9fea-430e-bb7b-03eeebecb501	2021-11-02 23:42:17.528884+00:00	6169c82f761da24792b92751	
267	10.9638	2.6138	3.247	7.7298	1.5727	1.0142	9.9345	4.8408	2.2791	1.252	2.9214	4.2606	2.9452	2.3982	8.0593	1.3301	4.2474	5.7035	570000.0	2021-11-02T23:42:17.550269+00:00	ffb3affe-52af-4efe-a223-56349618a66d	2021-11-02 23:42:17.550269+00:00	6169c82f761da24792b92751	
268	8.1439	4.3048	6.7481	4.9545	5.3868	8.4285	3.1126	8.8002	9.8322	4.8767	6.9385	7.4861	3.7018	9.1626	9.9694	2.5246	7.5611	7.3349	570000.0	2021-11-02T23:42:17.570297+00:00	a78711a4-2ec3-4885-8fe0-dd30505e444c	2021-11-02 23:42:17.570297+00:00	6169c82f761da24792b92751	
269	10.9823	10.1047	8.9128	8.92	1.9885000000000002	2.5053	7.367	8.9556	1.6832	4.3739	2.503	5.866	1.1856	1.4357	3.9355	6.7664	7.2765	8.3171	570000.0	2021-11-02T23:42:17.593104+00:00	e09645bc-4272-45a9-991d-852dff7891cb	2021-11-02 23:42:17.593104+00:00	6169c82f761da24792b92751	
270	5.3101	5.4149	3.7615	10.4113	3.4992	8.0641	10.6217	6.4749	7.3852	2.8533	3.927	8.5114	3.559	5.5777	7.6814	4.1326	7.5181000000000004	6.2905	570000.0	2021-11-02T23:42:17.621357+00:00	4576f1e4-0eb8-4825-bcdd-b765f0c75061	2021-11-02 23:42:17.621357+00:00	6169c82f761da24792b92751	
271	9.0076	8.306	2.6916	10.4813	5.7594	7.7091	9.8551	5.5144	9.7681	1.8505	5.5404	6.9363	6.9127	3.3513	3.8864	10.9796	6.8689	3.461	570000.0	2021-11-02T23:42:17.642292+00:00	193120b4-9e44-4502-a95b-dcbb9235b8d0	2021-11-02 23:42:17.642292+00:00	6169c82f761da24792b92751	
272	5.6145	9.5721	7.7957	3.8169	2.7912	6.2211	8.2609	9.419	9.7742	8.2516	6.1235	7.6901	1.3764	10.0434	5.9118	1.0654	2.3489	6.0733	570000.0	2021-11-02T23:42:17.677124+00:00	8bc7f074-689c-4b9d-b5c4-2164b8a65f63	2021-11-02 23:42:17.677124+00:00	6169c82f761da24792b92751	
273	1.2042	9.7508	5.1948	4.8826	3.0694	2.5672	10.1632	2.8853	2.6821	9.6393	2.0689	7.3078	7.3624	4.6422	3.799	6.2014	1.1793	1.1888	217000.0	2021-11-02T23:42:17.699217+00:00	9c7f03f9-5b9b-4627-96d8-3cf681b5e0bd	2021-11-02 23:42:17.699217+00:00	6169c82f761da24792b92751	
274	1.0555	6.8481000000000005	7.8718	5.7215	3.3646000000000003	1.0321	10.9982	8.0957	1.0033	4.2737	9.7593	3.2923999999999998	3.5907999999999998	6.5931	10.5934	10.7468	7.0832	4.9382	570000.0	2021-11-02T23:42:17.721757+00:00	5a89d630-2a22-42cd-969a-1a221ec2812f	2021-11-02 23:42:17.721757+00:00	6169c82f761da24792b92751	
275	7.4681	10.3756	7.896	8.8614	9.4981	7.4401	8.7933	10.6656	3.6214	2.9512	9.8094	4.9136	7.1352	2.1036	2.5027	9.8611	7.109	10.5631	570000.0	2021-11-02T23:42:17.742839+00:00	57c0c48b-1c6e-4a57-95a0-3ba38f6fabd9	2021-11-02 23:42:17.742839+00:00	6169c82f761da24792b92751	
276	2.8117	10.478	10.6253	5.0913	5.5145	8.4016	2.5668	10.2358	4.3253	9.3346	6.0864	6.383	5.4781	7.0527	2.8578	5.8697	5.5151	5.6803	570000.0	2021-11-02T23:42:17.762790+00:00	71ea5f59-adc8-4180-aeb6-5d093e02a46f	2021-11-02 23:42:17.762790+00:00	6169c82f761da24792b92751	
277	5.4877	3.7265	3.471	2.7178	7.0699	5.6153	4.7929	7.3273	5.8365	10.2978	8.271	1.3168	1.541	2.0084	5.5691	5.8965	3.0147	7.031	570000.0	2021-11-02T23:42:17.786333+00:00	89f6a08d-d553-4393-b662-ff5231a327af	2021-11-02 23:42:17.786333+00:00	6169c82f761da24792b92751	
278	7.802	8.6832	3.1998	1.9003	6.1409	4.8824000000000005	4.1408	6.8042	10.8683	5.1626	5.8334	9.467	2.3781	7.7067	4.8653	6.1318	10.5776	5.8586	570000.0	2021-11-02T23:42:17.804891+00:00	90308d9f-e427-4505-b623-b504bd5cfff6	2021-11-02 23:42:17.804891+00:00	6169c82f761da24792b92751	
279	8.458	3.5906000000000002	8.9869	2.2439999999999998	7.0022	9.5874	3.4295	2.2309	4.2194	6.2661999999999995	3.3762	10.43	8.7111	4.7677	8.5567	10.1134	8.9546	5.0978	770000.0	2021-11-02T23:42:17.827856+00:00	453b6a02-634e-424a-9732-819fa88154d0	2021-11-02 23:42:17.827856+00:00	6169c82f761da24792b92751	
280	3.6909	2.136	7.7014	1.8149000000000002	8.5637	3.9326	2.4648	8.5962	10.3122	2.4598	10.7416	4.1	9.3132	8.7509	10.8821	3.4712	4.0378	10.0653	770000.0	2021-11-02T23:42:17.849969+00:00	f06a6a70-6595-4209-9b02-8ca8e9bca511	2021-11-02 23:42:17.849969+00:00	6169c82f761da24792b92751	
281	6.1823	5.5244	10.287	10.9314	3.6224	4.9754000000000005	6.562	9.7577	8.9301	7.4113	10.8094	10.8938	3.4807	4.8428	8.0202	2.0791	10.5674	1.3365	570000.0	2021-11-02T23:42:17.873398+00:00	30314b4c-ed78-4726-bae5-842df9793779	2021-11-02 23:42:17.873398+00:00	6169c82f761da24792b92751	
282	5.1196	2.2972	9.1001	10.3422	6.4403	3.3229	9.0412	9.781600000000001	5.3066	9.917	7.0906	2.0053	1.3214000000000001	9.719899999999999	8.8706	4.7178	4.4962	4.5478000000000005	570000.0	2021-11-02T23:42:17.893520+00:00	90a7b61e-b425-4620-a492-320188b8de6b	2021-11-02 23:42:17.893520+00:00	6169c82f761da24792b92751	
283	4.005	4.0098	6.2484	4.1729	2.2183	9.2724	7.2577	8.1311	8.0257	9.7899	5.6465	7.066	10.7544	5.9447	7.4545	8.7202	8.5579	8.257	770000.0	2021-11-02T23:42:17.913375+00:00	b744aa67-67f9-455f-9b2d-953faf6ecfa4	2021-11-02 23:42:17.913375+00:00	6169c82f761da24792b92751	
284	4.5026	8.2117	10.2813	10.6172	4.6563	6.1159	3.5662000000000003	7.6428	4.3852	6.646	6.0657	5.2526	6.8657	10.751	4.3041	2.0268	3.5749	5.8897	570000.0	2021-11-02T23:42:17.936052+00:00	197c166d-48b8-4baa-8bc9-bd523cdc8d1b	2021-11-02 23:42:17.936052+00:00	6169c82f761da24792b92751	
285	5.1225	2.7855	3.9378	7.7108	6.4861	9.5319	3.2733	6.0851	9.1861	6.9004	8.5003	4.4315	2.8115	3.4042	2.7521	2.4834	8.0106	10.9283	570000.0	2021-11-02T23:42:17.957357+00:00	aaf83fe6-621d-4247-986d-0d8d53c3c942	2021-11-02 23:42:17.957357+00:00	6169c82f761da24792b92751	
286	1.9140000000000001	3.2112	2.6744	4.3507	5.0555	3.7251000000000003	9.2583	5.4979	4.3850999999999996	6.7691	9.8026	4.8184000000000005	1.6696	4.4221	2.6294	6.4873	8.1777	8.9347	570000.0	2021-11-02T23:42:17.977892+00:00	4e11b9e3-d8bb-475f-952e-586f2de91253	2021-11-02 23:42:17.977892+00:00	6169c82f761da24792b92751	
287	2.0886	6.7172	9.0334	3.2072	2.9087	5.3655	4.3054	5.7873	8.2664	8.4326	1.7074	9.8578	9.5791	1.9744000000000002	9.3418	8.7943	8.9599	3.6277	770000.0	2021-11-02T23:42:17.998506+00:00	0732fa84-78dc-4366-bf49-83c7812e382d	2021-11-02 23:42:17.998506+00:00	6169c82f761da24792b92751	
288	10.5502	1.751	2.262	3.7062	7.5543	4.5582	2.2477	10.2585	9.953	3.5904	9.0721	1.6818	5.4085	1.8738000000000001	8.9597	6.9915	6.3387	2.9678	570000.0	2021-11-02T23:42:18.021446+00:00	c42db366-2ed2-404b-8fca-d140508502c9	2021-11-02 23:42:18.021446+00:00	6169c82f761da24792b92751	
289	5.8842	3.4829	4.1832	2.0332	2.1415	10.5975	8.3778	4.7761	9.4267	9.0982	1.1728	5.09	4.2392	8.1242	4.9477	3.1799	1.8429000000000002	10.3268	217000.0	2021-11-02T23:42:18.043984+00:00	551379b4-9203-46af-babb-6e756a5559be	2021-11-02 23:42:18.043984+00:00	6169c82f761da24792b92751	
290	2.3052	3.4446	2.4529	6.2162	10.0022	3.8184	7.2276	7.4082	4.314	9.5337	2.4542	4.2356	8.3819	7.2495	3.0906	2.1122	2.8397	1.1685	217000.0	2021-11-02T23:42:18.067668+00:00	b3abaf85-9acf-47e2-b799-c4c5cb7436f1	2021-11-02 23:42:18.067668+00:00	6169c82f761da24792b92751	
291	5.61	8.5078	2.748	9.1419	7.2759	5.3507	10.924900000000001	6.9179	10.0466	6.1137	6.3761	3.6302	3.2271	1.5053	6.8274	2.5101	1.5861	8.9979	570000.0	2021-11-02T23:42:18.088169+00:00	ae4b92a3-22f6-40ee-a4f7-4ae154050ff2	2021-11-02 23:42:18.088169+00:00	6169c82f761da24792b92751	
292	6.665	8.4345	3.1889	1.967	3.3409	10.6044	6.9217	4.4193	6.9846	1.6551	5.0104	10.0417	3.2797	4.0334	5.1554	1.2958	3.6854	4.4141	570000.0	2021-11-02T23:42:18.111140+00:00	a7b1c923-07ef-45db-bcaf-833285a5dacd	2021-11-02 23:42:18.111140+00:00	6169c82f761da24792b92751	
293	4.2549	10.3112	1.5821	9.936	5.6135	6.1934000000000005	2.5809	7.7919	6.2256	5.2625	7.4321	9.6709	9.6914	2.5954	10.8732	1.0294	10.2902	7.047	770000.0	2021-11-02T23:42:18.133513+00:00	217355d1-8a0a-4d36-9d61-7e0bdcf1e295	2021-11-02 23:42:18.133513+00:00	6169c82f761da24792b92751	
294	7.0071	9.8678	6.709	4.1103	8.2714	9.0549	10.4507	8.956900000000001	3.2032	2.1264	8.8795	7.8878	7.0525	1.7852000000000001	6.5041	8.5159	3.209	1.9351	570000.0	2021-11-02T23:42:18.156010+00:00	c8afaa8d-51a2-4e7a-86f7-166ab68c86a8	2021-11-02 23:42:18.156010+00:00	6169c82f761da24792b92751	
295	2.1872	7.8100000000000005	8.4185	6.3669	4.6358	10.9531	8.7358	9.4529	4.198	8.2224	5.6046	10.2228	3.9565	2.7376	7.7751	3.0042	5.3517	2.1677	570000.0	2021-11-02T23:42:18.181150+00:00	54261547-f653-44af-91d9-30a051c11aa4	2021-11-02 23:42:18.181150+00:00	6169c82f761da24792b92751	
296	4.7345	9.6279	1.7551	6.519	1.3602	6.1685	6.9622	1.0903	9.7711	5.0492	2.0501	10.5486	8.9467	10.0168	4.7369	7.1587	7.3047	8.0009	770000.0	2021-11-02T23:42:18.201214+00:00	1f27e29d-0c1e-4560-b3c5-9556610bb30e	2021-11-02 23:42:18.201214+00:00	6169c82f761da24792b92751	
297	2.7218999999999998	5.5233	9.1994	1.8963	4.0138	5.8566	7.9357	9.544	6.1978	1.799	9.9142	1.1196	4.3413	8.2539	9.96	9.6831	5.8331	8.261	570000.0	2021-11-02T23:42:18.221670+00:00	081c306d-436c-4421-bba6-b2f2ae7a3698	2021-11-02 23:42:18.221670+00:00	6169c82f761da24792b92751	
298	3.8482000000000003	7.4022	7.4202	4.5322	6.6895	9.8975	3.1412	8.3808	3.3067	3.2086	8.043	4.0386	6.2728	2.3885	9.3348	9.5357	7.6652000000000005	3.7559	570000.0	2021-11-02T23:42:18.241062+00:00	30806ba9-86de-4ca9-8d61-95aa5af446f2	2021-11-02 23:42:18.241062+00:00	6169c82f761da24792b92751	
299	6.666	1.5453999999999999	10.1267	5.7708	1.9123999999999999	8.7325	7.3675	6.5017	8.1482	1.8326	10.2234	1.8969	3.221	2.955	10.5942	10.9316	3.9236	1.2969	570000.0	2021-11-02T23:42:18.263434+00:00	2569c008-5386-461f-92d4-0ebc2f698d73	2021-11-02 23:42:18.263434+00:00	6169c82f761da24792b92751	
300	9.1225	7.7635000000000005	2.0219	7.7345	7.2692	7.3962	8.9023	4.6232	7.0399	4.3118	5.9813	3.7632	9.5012	4.809	8.6743	3.1731	9.2996	8.7004	770000.0	2021-11-02T23:42:18.288196+00:00	cd916c12-714f-4f4f-9e6d-7b15f64d91cd	2021-11-02 23:42:18.288196+00:00	6169c82f761da24792b92751	
301	1.3411	6.9003	9.7058	9.2937	2.0097	6.1894	3.517	9.6586	7.0923	6.8567	3.8349	6.1755	9.5912	6.0041	3.3411	7.6065000000000005	3.4091	10.3819	770000.0	2021-11-02T23:42:18.310627+00:00	ed3d28c7-275a-4b87-a10c-ef49ae14daeb	2021-11-02 23:42:18.310627+00:00	6169c82f761da24792b92751	
302	4.464	6.3577	7.2456	8.8687	8.7123	8.585	10.764	10.6898	10.5838	7.9096	8.5725	2.091	1.0617	1.2906	5.1207	10.2065	2.255	8.482099999999999	570000.0	2021-11-02T23:42:18.372055+00:00	dc3d6b61-26c0-41c5-ba14-7d1e1bcaba55	2021-11-02 23:42:18.372055+00:00	6169c82f761da24792b92751	
303	4.2093	10.9984	4.6255	7.2349	7.6643	4.9845	7.8538	2.4902	2.2272	6.2209	5.8554	9.6023	2.681	3.4142	7.2565	2.8876	3.3744	7.0053	570000.0	2021-11-02T23:42:18.392379+00:00	83d6d27a-9484-4db5-85b8-393388c066a7	2021-11-02 23:42:18.392379+00:00	6169c82f761da24792b92751	
304	7.9398	4.4727	7.9709	1.7736	7.7831	2.5555	7.4284	9.5422	7.1805	4.1357	6.0897	9.8334	10.9421	9.6933	10.5584	3.1501	6.9531	3.3956	770000.0	2021-11-02T23:42:18.413109+00:00	c3a04952-ad41-4256-b783-fd9d08ee6603	2021-11-02 23:42:18.413109+00:00	6169c82f761da24792b92751	
305	4.1111	10.5186	1.2789000000000001	7.516	3.7124	3.8456	7.3628	1.7436	3.517	9.7952	8.2817	3.6694	1.4113	10.4876	8.5951	5.5584	6.9008	1.1726	570000.0	2021-11-02T23:42:18.433410+00:00	e5a9ed69-1170-4a09-88c3-5d010ad88cab	2021-11-02 23:42:18.433410+00:00	6169c82f761da24792b92751	
306	4.3956	1.7023000000000001	1.6781000000000001	1.9516	7.5032	6.0036	3.8704	1.0002	2.0311	4.3527000000000005	5.539	2.4801	6.084	6.9284	8.3864	2.3713	4.55	8.211	570000.0	2021-11-02T23:42:18.456449+00:00	2e3814cd-d5f7-413f-a7b1-aa80b1dedbb9	2021-11-02 23:42:18.456449+00:00	6169c82f761da24792b92751	
307	7.5296	1.2345	9.8133	7.4023	9.9344	10.0616	3.6975	3.8324	1.7005	3.6921	3.2143	1.5626	5.9794	10.3116	5.2194	1.9437000000000002	10.004	5.5319	570000.0	2021-11-02T23:42:18.479383+00:00	bdc749aa-273b-4967-8bfd-1dd55f369d3b	2021-11-02 23:42:18.479383+00:00	6169c82f761da24792b92751	
308	10.6644	6.9759	2.2572	2.2205	5.4336	2.9601	1.4713	2.2401	3.7836	3.7979000000000003	4.0669	8.7921	6.9339	9.8907	6.449	10.6281	3.0682	8.7107	570000.0	2021-11-02T23:42:18.501762+00:00	54582190-0833-4fe6-92a0-9ccd40e5c727	2021-11-02 23:42:18.501762+00:00	6169c82f761da24792b92751	
309	9.653	6.7827	4.7358	3.3134	4.0475	5.5314	4.3195	3.0097	1.4787	9.6233	8.08	1.8551000000000002	5.4229	10.6498	7.2649	1.1367	10.7419	2.0921	570000.0	2021-11-02T23:42:18.522232+00:00	2f5e0f2f-9b78-4e19-a448-433477a40360	2021-11-02 23:42:18.522232+00:00	6169c82f761da24792b92751	
310	5.0122	1.2086000000000001	1.0284	5.8648	9.0728	7.1804	4.3992	1.019	2.1852	10.81	5.3481	5.9616	10.6494	2.5992	4.174	9.4402	1.3482	10.3431	770000.0	2021-11-02T23:42:18.544219+00:00	ca553412-dce4-4891-a520-3677861aae1e	2021-11-02 23:42:18.544219+00:00	6169c82f761da24792b92751	
311	7.3186	5.0492	2.6526	6.7305	8.0912	1.5987	10.1703	10.8445	3.6856	10.7371	6.023	9.1574	2.7640000000000002	5.4136	3.4291	4.6582	1.8107000000000002	7.3323	570000.0	2021-11-02T23:42:18.566121+00:00	a71d8183-eee1-45d4-a3fa-8dae6a6f565f	2021-11-02 23:42:18.566121+00:00	6169c82f761da24792b92751	
312	5.4503	8.321	7.6925	2.5053	10.28	2.4677	6.5677	7.6269	1.9955	4.5236	5.0269	1.0092	9.0641	3.8163	1.8018	8.2063	2.2634	8.9481	770000.0	2021-11-02T23:42:18.592566+00:00	49011dbf-0ef8-45da-87c3-e00fa265b193	2021-11-02 23:42:18.592566+00:00	6169c82f761da24792b92751	
313	10.36	10.806000000000001	2.2481	7.6162	7.6451	4.5911	7.9823	10.1577	9.045	2.3233	1.0993	5.0053	1.2205	5.2959	2.0672	5.5076	5.5229	10.5833	217000.0	2021-11-02T23:42:18.613266+00:00	2f3cf9ea-38a1-4c37-9b05-711bc93b15aa	2021-11-02 23:42:18.613266+00:00	6169c82f761da24792b92751	
314	9.6819	6.3448	6.7248	7.3494	4.4264	7.5577	9.2191	3.6983	3.7352	5.5402000000000005	4.5404	4.551	3.8689999999999998	8.7048	9.1445	3.41	2.3834	10.7662	570000.0	2021-11-02T23:42:18.640829+00:00	6342271a-78d5-4f37-b49b-a7bf94c9f897	2021-11-02 23:42:18.640829+00:00	6169c82f761da24792b92751	
315	2.5785	7.3478	3.75	4.1977	9.6852	9.1606	2.2435	5.9849	5.2936	8.7971	5.6522	10.4685	7.5816	1.5614	4.2725	8.7767	5.828	4.4734	570000.0	2021-11-02T23:42:18.663808+00:00	a79fb02d-3f76-40cd-b540-63b60bfc6c4e	2021-11-02 23:42:18.663808+00:00	6169c82f761da24792b92751	
316	3.714	5.9557	10.1351	9.252	8.4812	9.1245	3.6964	2.1512000000000002	6.2266	10.1667	8.6049	6.4937000000000005	6.8207	10.0736	6.8764	4.2722999999999995	10.9223	9.0075	570000.0	2021-11-02T23:42:18.684545+00:00	34dbc7cc-3831-4533-b36e-380892c2b66d	2021-11-02 23:42:18.684545+00:00	6169c82f761da24792b92751	
317	9.9609	8.6536	8.8734	4.5435	9.423	2.4292	2.1524	9.1718	2.9459	8.5139	2.4025	2.4027	9.301	6.8214	8.0448	8.9319	9.4792	4.8719	770000.0	2021-11-02T23:42:18.704054+00:00	b2d244d4-f7f7-4df6-a284-6a723ff5007b	2021-11-02 23:42:18.704054+00:00	6169c82f761da24792b92751	
318	9.6844	10.2335	3.9683	10.5628	6.5435	9.1005	8.7837	9.9442	7.0902	3.6932	5.3701	10.8798	8.1436	3.9822	9.7648	8.8889	4.6565	10.6732	570000.0	2021-11-02T23:42:18.725200+00:00	69c9fbe8-754f-41f0-954a-9066d1f18ca3	2021-11-02 23:42:18.725200+00:00	6169c82f761da24792b92751	
319	9.0152	6.0964	6.8688	4.1022	6.5285	10.4966	9.2645	4.4635	6.3812	8.9255	8.6102	1.0056	7.0736	5.5588	1.0291	10.8874	1.1288	7.2728	570000.0	2021-11-02T23:42:18.746021+00:00	26dbb6a3-ccea-4311-abec-b2f772f42530	2021-11-02 23:42:18.746021+00:00	6169c82f761da24792b92751	
320	1.2913000000000001	6.5294	2.6164	1.6541000000000001	6.8864	9.7574	4.2316	10.9097	1.9771	7.2102	8.0754	5.4571	3.9555	6.4273	5.3594	2.6222	4.3709	5.7641	570000.0	2021-11-02T23:42:18.765296+00:00	4b34bc82-788c-432b-9b13-dbaecf03ec56	2021-11-02 23:42:18.765296+00:00	6169c82f761da24792b92751	
321	5.4016	8.5719	4.7525	2.7319	2.1409	5.0968	7.7532	4.4233	1.027	10.953	9.977	7.9231	10.1833	5.5454	4.1731	5.229	2.2485	3.4879	770000.0	2021-11-02T23:42:18.785757+00:00	796c9c7b-f4d9-4a30-b09c-37fe1a9aa21f	2021-11-02 23:42:18.785757+00:00	6169c82f761da24792b92751	
322	5.0161	2.8319	7.4246	6.5756	1.4383	7.1454	6.0653	9.8411	7.3231	1.5671	3.1735	2.7641999999999998	8.4405	4.282	6.2886	4.5369	5.9349	4.8972	570000.0	2021-11-02T23:42:18.809826+00:00	fe561b11-4220-4b7a-aa62-e8aaf4d8c3ac	2021-11-02 23:42:18.809826+00:00	6169c82f761da24792b92751	
323	3.0749	3.7218	1.9723000000000002	9.4347	5.8926	9.7511	1.6505	3.9047	4.1031	8.7988	6.72	9.342	9.6072	4.1938	6.428	9.119	6.2141	10.5044	770000.0	2021-11-02T23:42:18.831671+00:00	2895e946-74d3-47c3-a712-cbab05a8121a	2021-11-02 23:42:18.831671+00:00	6169c82f761da24792b92751	
324	5.6492	3.8446	7.0518	7.5165	10.98	10.9991	6.9007000000000005	3.9244	1.6141	8.0829	8.7156	1.8736000000000002	1.6059	2.9384	10.0493	7.8638	6.2363	7.3953	570000.0	2021-11-02T23:42:18.852467+00:00	42c22848-db03-4f86-8379-4820ec2c8603	2021-11-02 23:42:18.852467+00:00	6169c82f761da24792b92751	
325	1.3649	1.9652	2.7957	10.8046	1.9269	7.2998	5.9039	5.2132	7.0254	4.3976	9.9002	1.8139	9.1668	5.0728	10.5257	1.1837	4.1625	2.0769	770000.0	2021-11-02T23:42:18.873126+00:00	2161a7b9-b41a-4fc6-8d1f-6d3071bdeaff	2021-11-02 23:42:18.873126+00:00	6169c82f761da24792b92751	
326	5.8244	6.7547	1.4308	5.6306	5.0619	8.7639	9.5799	10.491	7.2116	10.5669	2.1998	7.7598	10.2411	3.0128	9.5708	7.8828	7.7537	5.8209	770000.0	2021-11-02T23:42:18.891986+00:00	28f2d635-757e-4583-82a8-9fccb6a6f6ff	2021-11-02 23:42:18.891986+00:00	6169c82f761da24792b92751	
327	6.6782	5.4031	5.1619	3.2388	1.0706	9.1081	10.802	6.6778	6.5206	9.9557	5.6073	9.2934	4.1946	5.8053	1.7972000000000001	2.1083	10.5059	10.4034	570000.0	2021-11-02T23:42:18.911401+00:00	4e284da6-38ac-4a0c-8724-0a7a4c59e160	2021-11-02 23:42:18.911401+00:00	6169c82f761da24792b92751	
328	8.8689	7.001	4.467	6.0054	1.2570999999999999	9.1008	8.4936	10.0273	3.3778	1.3482	1.9686	8.8622	3.4515000000000002	3.7005	9.5844	5.2705	4.1185	8.4824	217000.0	2021-11-02T23:42:18.930086+00:00	c008d02e-8251-4015-9d6c-a1e646bc21a0	2021-11-02 23:42:18.930086+00:00	6169c82f761da24792b92751	
329	9.7899	1.6331	8.0408	2.7906	10.323	5.7039	1.3571	3.356	7.6378	2.3451	1.8331	10.6878	8.1875	2.3436	2.9907	6.2382	9.7275	1.999	217000.0	2021-11-02T23:42:18.950696+00:00	79a71f04-ba54-4f9a-8af9-bf60b9a9a8b6	2021-11-02 23:42:18.950696+00:00	6169c82f761da24792b92751	
330	2.4074	8.4129	3.3116	1.3728	6.6075	7.6746	1.207	7.6242	5.2748	8.4562	10.9248	10.6049	3.2517	6.4005	8.608	8.4848	2.3058	7.8032	570000.0	2021-11-02T23:42:18.974928+00:00	02bc9ece-f506-4fc4-941f-e61e4b64c3ab	2021-11-02 23:42:18.974928+00:00	6169c82f761da24792b92751	
331	1.4951	1.9694	7.2064	7.9035	9.9028	3.458	9.5381	8.8185	7.7963000000000005	6.591	3.5733	10.9231	10.9708	10.6794	1.0575	8.4389	8.7955	9.3688	770000.0	2021-11-02T23:42:18.995163+00:00	bd3aefee-55ff-4f34-989b-5e04de8f7519	2021-11-02 23:42:18.995163+00:00	6169c82f761da24792b92751	
332	3.105	8.013	3.4367	8.536200000000001	6.9510000000000005	6.9977	10.0173	2.9082	1.1913	7.999	2.5762	4.1157	10.6159	4.9368	8.2486	5.1781	6.3514	1.219	770000.0	2021-11-02T23:42:19.017729+00:00	91394a0d-1edd-4c81-a31b-599baa28404a	2021-11-02 23:42:19.017729+00:00	6169c82f761da24792b92751	
333	1.3051	8.622	7.8819	8.691	3.1031	4.094	2.3923	2.7392000000000003	8.2705	6.6713000000000005	4.1993	3.3146	4.4266	7.6437	8.7962	5.9846	5.5125	4.1851	570000.0	2021-11-02T23:42:19.038498+00:00	5ef57aae-a243-4524-908b-acb7cdbd0253	2021-11-02 23:42:19.038498+00:00	6169c82f761da24792b92751	
334	1.9605000000000001	10.1324	10.975	4.8333	4.2752	9.7835	6.4715	8.3582	10.0142	8.9962	5.6129	2.8279	4.0768	8.9604	9.2324	7.2559000000000005	6.6986	3.4655	570000.0	2021-11-02T23:42:19.059351+00:00	d55641f5-667e-4135-a67b-6124877fc28d	2021-11-02 23:42:19.059351+00:00	6169c82f761da24792b92751	
335	6.9519	3.1849	1.2526	2.9132	5.6672	4.6851	1.8174000000000001	6.6928	1.1555	10.8432	3.5313	10.0656	9.2448	8.8934	6.0577	4.6728000000000005	6.8376	2.7513	770000.0	2021-11-02T23:42:19.098770+00:00	6361d9fb-f381-4fd6-9d36-3e54fcc5fe97	2021-11-02 23:42:19.098770+00:00	6169c82f761da24792b92751	
336	3.1066	6.5635	10.6563	9.987400000000001	9.3409	4.0075	8.7084	4.5605	3.4421	5.3121	5.9623	10.2788	9.2144	1.2568000000000001	3.7032	1.2788	9.893	5.0632	770000.0	2021-11-02T23:42:19.123185+00:00	79794561-bb55-4855-abd1-1b4cfb88b2ed	2021-11-02 23:42:19.123185+00:00	6169c82f761da24792b92751	
337	9.7536	6.4126	8.0402	8.1959	10.3846	9.0858	1.6045	7.1965	7.1435	2.722	7.6006	7.174	3.5423999999999998	7.7167	3.0758	5.0314	6.1134	3.7839	570000.0	2021-11-02T23:42:19.146360+00:00	d51530ee-c9f1-4725-b771-45480d417fbe	2021-11-02 23:42:19.146360+00:00	6169c82f761da24792b92751	
338	3.5093	9.1648	10.4075	5.6524	8.0248	4.9063	2.7288	8.9486	2.3877	6.4405	4.981	10.172	8.0597	6.8877	2.1364	9.8933	8.9338	4.3874	570000.0	2021-11-02T23:42:19.171349+00:00	e7a0fa83-2e2e-47f0-96a4-4c2fe55f02fc	2021-11-02 23:42:19.171349+00:00	6169c82f761da24792b92751	
339	8.5264	4.0881	2.6616	4.0422	3.9398	5.7361	6.5249	5.8877	8.511800000000001	10.6183	9.9469	5.1796	10.3375	4.2019	4.0027	8.705	1.9122	2.6059	770000.0	2021-11-02T23:42:19.193182+00:00	eb9da109-3605-4fab-89d1-effd9c218ce5	2021-11-02 23:42:19.193182+00:00	6169c82f761da24792b92751	
340	3.7846	8.8695	2.8159	2.7373000000000003	10.1535	4.1298	1.0974	9.1088	9.5137	4.9605	5.6384	6.298	3.6367000000000003	7.2208	10.8018	1.943	10.0774	6.598	570000.0	2021-11-02T23:42:19.215963+00:00	eb79ec60-938b-4f01-adc5-66c6852fd95a	2021-11-02 23:42:19.215963+00:00	6169c82f761da24792b92751	
341	2.6146000000000003	4.2341	4.0185	3.502	1.1696	2.62	5.9666	1.6184	2.4837	1.4037	10.7281	1.4768	4.8745	7.6513	2.4068	8.8588	3.4631	6.0859	570000.0	2021-11-02T23:42:19.239022+00:00	d544fe12-cd24-4b8e-b1a4-fff573f65955	2021-11-02 23:42:19.239022+00:00	6169c82f761da24792b92751	
342	8.1188	6.3407	6.7939	1.3896	1.7851	5.3625	7.4358	8.5376	8.9457	5.9786	10.6523	4.2272	4.9254999999999995	1.7515	8.3406	8.6736	9.0593	6.3003	570000.0	2021-11-02T23:42:19.261134+00:00	f68d4430-046c-452c-85d0-416595430c7b	2021-11-02 23:42:19.261134+00:00	6169c82f761da24792b92751	
343	8.0883	5.9366	8.759	7.8738	6.2587	1.2186	1.3847	1.6298	6.8995	1.7216	1.8093	2.9872	2.6663	6.9764	1.8815	9.6408	7.4494	9.0964	217000.0	2021-11-02T23:42:19.285701+00:00	b93946c0-7bdd-42bf-ad22-18c5f177c8e4	2021-11-02 23:42:19.285701+00:00	6169c82f761da24792b92751	
344	5.0976	10.1062	7.7771	10.9332	7.8363	10.0281	2.2882	9.1744	10.3026	10.8671	6.035	8.1106	6.3635	3.167	9.8799	6.8511	8.7294	4.6619	570000.0	2021-11-02T23:42:19.311161+00:00	dfea3bcf-6347-4295-9268-c73665cf5c9a	2021-11-02 23:42:19.311161+00:00	6169c82f761da24792b92751	
345	9.8556	4.9859	10.8511	4.801	6.7549	9.7285	2.928	8.5802	5.6569	8.3862	7.1209	6.9399	1.7183000000000002	5.7039	1.1839	7.9356	2.1788	1.5913	570000.0	2021-11-02T23:42:19.333659+00:00	2918dc1b-5b46-4231-98cd-1c2a609af0d1	2021-11-02 23:42:19.333659+00:00	6169c82f761da24792b92751	
346	1.94	4.504	10.946	3.4036	5.0271	8.1313	8.1599	6.9407	10.356	8.5464	6.8337	7.4478	7.6572	8.9591	4.7696000000000005	6.066	10.1479	2.6168	570000.0	2021-11-02T23:42:19.354453+00:00	a4766593-30b7-4d3d-b682-7b9c32b6b918	2021-11-02 23:42:19.354453+00:00	6169c82f761da24792b92751	
347	5.975	1.6835	1.0258	8.0416	10.3338	2.8802000000000003	2.3812	1.3457	9.1821	7.7314	1.5358	8.2879	2.4617	10.5981	2.9146	8.6244	7.294	8.0771	217000.0	2021-11-02T23:42:19.374166+00:00	30a952e3-b033-4936-93a8-bfb059596544	2021-11-02 23:42:19.374166+00:00	6169c82f761da24792b92751	
348	2.2912	7.9158	7.0275	3.1992	7.6264	1.3597000000000001	3.1457	2.1309	5.2898	6.7755	3.8817	9.9637	5.6423	5.6373	4.6337	3.7894	8.2007	8.3223	570000.0	2021-11-02T23:42:19.395185+00:00	850575f6-cbfc-4e7c-b483-19549e307a60	2021-11-02 23:42:19.395185+00:00	6169c82f761da24792b92751	
349	8.0541	9.3684	10.358	3.5801	5.9919	7.0295	4.5256	7.5589	5.0343	6.6595	10.4059	4.365	6.0309	6.2242	4.3205	4.9843	4.2205	2.1808	570000.0	2021-11-02T23:42:19.416715+00:00	c3a20eff-180c-4cff-85ce-baa0b5068065	2021-11-02 23:42:19.416715+00:00	6169c82f761da24792b92751	
350	9.1254	7.8922	8.3723	6.7856000000000005	7.0667	5.6698	10.4229	4.6773	2.5693	4.938	2.143	8.1881	7.949	3.3897	2.279	10.5478	10.5144	3.4882	217000.0	2021-11-02T23:42:19.440824+00:00	f0e0f982-489b-48c5-8021-88b3e4dacf34	2021-11-02 23:42:19.440824+00:00	6169c82f761da24792b92751	
351	4.8113	10.8942	1.5416	10.8686	4.8437	1.6017000000000001	2.6704	3.3810000000000002	4.6393	2.8073	9.5618	5.4732	10.2769	2.9003	8.2895	6.0257	9.0872	4.6263000000000005	770000.0	2021-11-02T23:42:19.461443+00:00	088d44fb-ce54-4c56-9591-58294cfe95a6	2021-11-02 23:42:19.461443+00:00	6169c82f761da24792b92751	
352	6.452	5.7616	3.8567	1.8854000000000002	2.2143	9.6022	1.2489	6.1289	4.2385	9.0224	8.1161	9.5373	5.0176	3.8059000000000003	10.309	3.4421	1.3632	4.7241	570000.0	2021-11-02T23:42:19.484606+00:00	b8d40dd8-f514-4aee-ab91-aec6ed5865cc	2021-11-02 23:42:19.484606+00:00	6169c82f761da24792b92751	
353	3.003	9.989	9.0838	5.0554	2.1139	3.8553	6.4903	4.0032	1.8538000000000001	3.5834	6.9249	7.7396	8.7744	8.0358	3.9878	7.7956	1.3853	4.428	770000.0	2021-11-02T23:42:19.504507+00:00	1f200ed9-50ce-4beb-829c-3824aed1d62f	2021-11-02 23:42:19.504507+00:00	6169c82f761da24792b92751	
354	9.5392	8.4969	8.3847	1.3644	10.6428	4.1661	5.7097	9.6526	8.953	4.9301	1.4234	5.2076	5.6217	3.6021	6.3449	2.9436	1.0201	2.5673	217000.0	2021-11-02T23:42:19.523442+00:00	7cbd50e5-ef99-48f8-9c5b-5f209f43cafa	2021-11-02 23:42:19.523442+00:00	6169c82f761da24792b92751	
355	1.6569	4.494	6.16	2.9362	9.7198	3.844	7.9842	7.2775	5.1764	4.5004	8.1714	6.4004	7.9129000000000005	2.4936	1.4499	8.345	6.6261	7.8431	570000.0	2021-11-02T23:42:19.544686+00:00	936e2e27-c034-4732-89d0-b5f2411df55c	2021-11-02 23:42:19.544686+00:00	6169c82f761da24792b92751	
356	4.3335	4.337	5.9458	10.931000000000001	8.8991	5.8856	5.2156	10.1066	1.5777	2.6327	4.7674	7.698	2.283	8.2331	6.378	2.2255	3.0862	6.5625	570000.0	2021-11-02T23:42:19.565979+00:00	e7b1fcba-f15c-4c6a-af27-35c1509464ba	2021-11-02 23:42:19.565979+00:00	6169c82f761da24792b92751	
357	3.6243	7.6425	9.5323	6.2066	2.7814	6.6876999999999995	1.3731	8.5439	8.325	2.9741	7.1761	5.0432	8.0577	5.7179	7.0107	5.2783	2.2725	9.9863	570000.0	2021-11-02T23:42:19.585782+00:00	b451064c-6324-4940-af8a-f3843963a4a2	2021-11-02 23:42:19.585782+00:00	6169c82f761da24792b92751	
358	9.0687	1.3212000000000002	4.6914	9.4866	7.5581	1.9807000000000001	9.4954	5.8076	1.9362	6.2697	7.4269	2.0168	2.268	2.8768000000000002	4.608	1.322	6.3968	7.1963	570000.0	2021-11-02T23:42:19.605309+00:00	c40d479c-7182-425f-a962-5920645167a6	2021-11-02 23:42:19.605309+00:00	6169c82f761da24792b92751	
359	3.2	6.8651	3.0732	9.4765	10.3881	3.3632	6.2176	9.2643	9.8749	4.7388	6.9082	7.7169	9.7723	4.3296	4.9733	9.3954	7.0616	4.9796	770000.0	2021-11-02T23:42:19.625515+00:00	408789bc-04d1-490f-9000-ca10d593e5cd	2021-11-02 23:42:19.625515+00:00	6169c82f761da24792b92751	
